2108 3405
1102 265 1337 301 -18-

645 393 824 456 Polono
859 413 1047 469 quoque
1080 413 1279 457 sermoni
1313 412 1645 457 usitatissimum
1680 400 1747 456 est
1779 413 1822 456 id
1860 426 1935 470 ge-

500 484 585 516 nus
616 472 1028 530 interrogationum.
1062 472 1179 517 Nam
1214 485 1281 516 ex.
1317 485 1381 530 gr.
1415 471 1499 515 An.
1524 472 1635 525 XV,
1670 474 1728 516 60
1761 473 1933 528 polone

499 533 563 576 sic
595 532 723 577 reddi
758 537 926 588 potest:

647 604 689 659 1)
722 604 818 649 Ten
850 629 906 634 —-
941 605 1179 661 niepewne
1213 618 1293 662 czy
1326 604 1751 662 przypadkieuczy
1772 605 1935 661 umysl·

499 664 569 708 nie
595 688 649 696 -—
672 665 894 720 powrocil
924 680 949 709 z
984 665 1234 722 Kampanii.

641 736 688 790 2)
721 735 816 780 Ten
834 760 891 766 —-
910 736 1148 793 niepewne
1171 736 1493 794 ptzypadkiem
1527 750 1608 793 czy
1640 734 1859 793 umyslnie
1878 761 1933 766 —

497 796 718 852 powrocil
749 790 1057 852 zKampanii.

641 869 686 923 3)
719 867 813 913 Ten
848 892 904 899 —
938 878 1026 925 czy
1051 868 1373 925 przypadkiem
1408 882 1488 926 czy
1522 870 1739 926 umyslnie
1764 894 1818 899 ——
1852 882 1933 927 po-

496 928 651 972 wrocil
681 942 706 971 z
739 928 990 985 Kamanii

641 1000 693 1054 4)
721 994 815 1044 Ten
851 1025 906 1030 ——
941 1000 1262 1057 przypadkiem
1297 1012 1380 1057 czy
1411 1002 1630 1073 umyslnie
1671 1024 1715 1031 -—
1754 1002 1934 1057 powro-

496 1059 551 1102 cil
583 1070 612 1102 z
641 1056 890 1116 Kampanii.

641 1118 777 1164 Cum
793 1124 941 1165 autem
989 1133 1069 1164 eae
1118 1120 1481 1178 interpositiones
1530 1126 1573 1165 et
1619 1121 1933 1182 appositiones

494 1180 637 1224 verbo
655 1180 779 1224 finito
798 1186 987 1234 careant,
1007 1181 1261 1236 particula,
1267 1182 1365 1234 ,an“
1400 1194 1503 1225 cum
1523 1179 1784 1225 indicativo
1795 1194 1933 1225 enun-

494 1240 589 1285 ciati
623 1241 849 1299 regnantis
883 1240 1138 1298 composita
1183 1254 1285 1285 esse
1319 1241 1505 1296 videtur,
1540 1242 1749 1298 quocirca
1802 1241 1931 1285 etiam

495 1302 759 1358 significatio
794 1302 1105 1359 interrogativa
1149 1303 1246 1346 eius
1280 1303 1518 1357 particulae
1570 1306 1814 1349 attenuatur
1863 1301 2000 1361 ita,¹

494 1366 538 1405 ut
571 1361 683 1415 ‚‚an“
719 1362 774 1405 ad
794 1374 899 1405 vere
915 1360 1200 1406 disiunctivas
1218 1363 1561 1406 coniunctiones
1596 1367 1709 1416 „aut‚
1744 1363 1828 1416 vel,
1862 1360 1930 1415 ve,

493 1423 616 1466 sive“
652 1423 859 1478 proxime
891 1423 1075 1467 accedat
1118 1428 1159 1467 et
1192 1435 1276 1479 pro
1310 1423 1374 1467 eis
1397 1424 1560 1479 posita
1592 1436 1694 1474 esse
1743 1426 1929 1478 putetur.

492 1482 748 1526 lndetacile
760 1492 840 1526 eae
859 1483 1200 1527 coniunctiones
1219 1495 1347 1553 pro,
1353 1484 1451 1537 ,“an
1486 1484 1691 1528 substitui
1723 1488 1930 1543 possunt,

491 1543 660 1600 aliquot
693 1548 839 1587 autem
875 1544 985 1588 locis
1021 1557 1065 1587 re
1112 1557 1214 1587 vera
1247 1544 1342 1587 eius
1376 1544 1493 1589 loco
1530 1548 1766 1600 usurpatae
1815 1548 1929 1587 sunt

492 1602 628 1648 Nunc
658 1603 918 1647 accedimus
951 1604 1145 1660 primurn
1179 1604 1236 1648 ad
1308 1613 1310 1615 ·
1398 1624 1401 1627 >
1779 1628 1782 1632 ·

1192 1700 1236 1743 ΙΙ.

551 1781 909 1837 Interroqationes,
943 1797 1049 1838 quae
1080 1781 1243 1838 duplici
1274 1766 1413 1837 ellipsi
1445 1783 1655 1837 emplicari
1682 1790 1868 1838 possunt.

638 1866 847 1911 Formam
883 1866 1050 1911 habent
1084 1867 1311 1924 duplicem
1329 1882 1336 1910 :

637 1939 680 1993 a)
714 1938 879 1994 addita,
912 1939 982 1983 cui
1017 1939 1310 1984 subordinata
1343 1944 1409 1983 est
1462 1940 1762 1997 interrogatio,
1814 1951 1929 1983 voce

494 2000 740 2053 dubitandi,
789 2000 928 2044 ambo
964 2001 1167 2045 membra
1199 2001 1409 2056 particula
1442 2001 1555 2055 ‚‚an“
1596 2000 1924 2057 disiunguntur.

494 2058 719 2104 Omittitur
751 2060 962 2116 particula
995 2060 1307 2118 interrogativa
1361 2061 1403 2104 in
1438 2060 1571 2117 priori
1624 2060 1832 2104 membro
1886 2065 1928 2104 et

493 2121 682 2164 verbum
718 2120 886 2164 finitum
922 2121 1292 2178 interrogationis.

640 2192 688 2248 b)
724 2193 894 2238 omissa
928 2206 1042 2238 voce
1078 2193 1310 2237 dubitandi
1346 2197 1387 2236 et
1420 2193 1562 2237 verbo
1596 2163 1718 2236 finito
1752 2193 1931 2236 interro-

494 2254 685 2311 gationis
721 2254 924 2299 membra
943 2255 1194 2310 particulis,
1200 2267 1289 2308 ,-ne
1292 2254 1377 2298 an“
1412 2254 1520 2298 inter
1553 2267 1602 2297 se
1622 2257 1929 2311 opponuntur.

1192 2359 1236 2393 a.

641 2445 820 2490 Omnes
854 2444 942 2490 huc
974 2446 1262 2490 adnotandae
1304 2447 1678 2503 interrogationes
1731 2445 1932 2502 pendent

494 2521 550 2551 ex
568 2507 849 2562 compendio
872 2507 1145 2561 „incertum“
1166 2508 1246 2561 (sc.
1267 2507 1365 2562 est).
1394 2506 1503 2552 Sunt
1525 2511 1672 2551 autem
1692 2518 1773 2562 per
1789 2518 1931 2563 appo-

494 2568 701 2611 sitionem
735 2567 1055 2621 conformatae,
1091 2581 1179 2611 una
1210 2573 1376 2611 tantum
1411 2581 1493 2624 per
1525 2566 1824 2623 parenthesin.

494 2642 601 2696 Agr.
637 2642 676 2683 7:
712 2652 795 2683 nec
829 2640 1002 2696 legatus
1036 2640 1284 2695 praetorius
1317 2639 1374 2683 ad
1408 2638 1718 2683 cohibendum
1753 2642 1930 2693 potens,
2045 2641 2048 2644 ’

710 2699 925 2743 incertum
960 2709 1045 2742 suo
1078 2712 1134 2743 an
1170 2699 1351 2743 militum
1385 2699 1583 2756 ingenio.

641 2771 683 2815 Si
718 2771 896 2827 plenius
931 2771 1137 2825 dicimus,
1173 2771 1465 2816 scribendum
1500 2775 1579 2814 est:
1628 2768 1725 2814 Nec
1758 2770 1931 2827 legatus

494 2833 743 2890 praetorius
776 2832 833 2875 ad
869 2830 1180 2876 cohibendum
1216 2837 1379 2888 potens
1413 2836 1514 2874 erat.
1549 2829 1638 2874 Sed
1672 2842 1827 2874 *suone
1875 2844 1930 2875 an

494 2893 676 2936 militum
711 2893 894 2949 ingenio
928 2891 1143 2936 cohibere
1178 2906 1269 2937 non
1304 2892 1509 2949 potuerit,
1544 2891 1756 2949 incertum
1790 2896 1869 2936 est
1935 2893 1937 2895 ’

495 2965 607 3009 Hist.
644 2965 713 3019 lV,
736 2966 776 3008 6:
813 2977 865 3008 ea
899 2965 1020 3019 ultio,
1055 2966 1269 3009 incertum
1318 2964 1459 3008 maior
1504 2976 1558 3006 an
1594 2963 1759 3018 iustior,
1805 2976 1931 3047 sena-

814 3029 906 3069 tum
941 3026 983 3070 in
1018 3025 1164 3071 studia
1197 3025 1456 3071 deduxerat.
