2108 3405
12 711 31 741 ,ι
0 630 29 697 Ἣ(

198 908 307 976 De
373 905 991 995 interrogationum
1057 903 1623 973 disiunctivarum

432 1036 618 1128 apud
668 1038 977 1120 Tacitum
1033 1041 1390 1107 structura.

775 1205 1048 1238 lm.

337 1312 406 1372 De
449 1312 843 1370 interrogationum
893 1312 1252 1357 disiunctivarum
1302 1312 1427 1369 apud
1475 1313 1625 1357 varios

194 1374 433 1429 scriptores
466 1373 507 1415 vi
541 1377 581 1416 et
615 1385 699 1416 usu
750 1387 775 1416 a
820 1373 965 1416 multis
1017 1373 1117 1416 viris
1151 1373 1295 1416 doctis
1348 1373 1532 1431 egregie
1585 1378 1626 1416 et

193 1434 435 1478 luculenter
467 1433 738 1490 disputatum
772 1439 838 1478 est
870 1433 938 1488 ita,
973 1438 1017 1477 ut
1038 1437 1174 1477 totam
1211 1445 1303 1477 rem
1338 1433 1491 1477 denuo
1515 1438 1621 1477 trac-

196 1499 285 1538 tare
340 1493 516 1537 maximi
569 1495 622 1537 sit
669 1494 848 1538 laboris.
914 1495 1063 1551 ltaque
1117 1492 1200 1537 hac
1254 1494 1626 1550 disputatiuncula

192 1567 245 1598 ea
275 1559 457 1608 tantum,
476 1567 591 1612 quae
609 1555 666 1599 ad
684 1554 910 1599 Taciteum
933 1554 1152 1611 pertinent
1174 1566 1322 1606 usum,
1345 1554 1622 1610 exponenda

194 1614 298 1657 mihi
332 1615 569 1671 proposui,
604 1627 879 1672 quamquam
913 1627 1007 1658 rem
1051 1615 1136 1658 iam
1171 1613 1447 1658 Olbrichtius
1496 1627 1624 1659 accu-

193 1675 407 1719 ratissime
439 1675 680 1729 tractavit‚¹)
715 1675 784 1719 cui
819 1680 863 1719 ut
896 1675 1087 1719 maxima
1129 1688 1186 1719 ex
1218 1679 1340 1731 parte
1391 1676 1623 1728 assentior,

193 1735 247 1778 ita
280 1735 493 1779 nonnulla
524 1736 644 1779 aliter
661 1740 794 1793 atque
827 1735 949 1795 apud
984 1748 1087 1779 eum
1121 1736 1354 1779 statuenda
1386 1740 1488 1779 sunt
1518 1736 1625 1778 visa.

193 1796 457 1852 Priusquam
491 1800 637 1839 autem
671 1797 728 1839 ad
763 1808 856 1839 rem
890 1796 1034 1852 ipsam
1057 1796 1335 1853 progrediar,
1369 1796 1496 1840 liceat
1519 1795 1626 1840 mihi

194 1867 337 1912 pauca
370 1855 428 1958 (ξε
461 1856 633 1913 origine
666 1861 708 1900 et
723 1855 879 1901 formis
912 1856 1308 1914 Interrogationum
1344 1855 1623 1900 disiunctiva-

193 1928 289 1959 rum
323 1929 369 1959 re
389 1929 497 1959 erre.

337 1985 468 2032 Quae
502 2001 595 2045 quo
628 1993 833 2045 tempore
868 1993 988 2033 ortae
1033 1989 1131 2043 sint,
1166 1987 1268 2032 nihil
1303 2001 1411 2032 sane
1458 1992 1624 2032 certum

192 2049 395 2092 constitui
430 2053 589 2105 potest.
626 2049 671 2093 ld
704 2053 852 2093 tamen
885 2052 984 2092 ante
1018 2049 1169 2093 omnia
1184 2053 1418 2092 teneamus
1437 2061 1625 2109 necesse

190 2113 256 2153 est
287 2111 379 2153 tum
413 2109 645 2166 temporis,
682 2122 797 2153 ‘cum
831 2121 982 2167 sermo
1035 2109 1211 2153 Latinus
1261 2109 1467 2154 nondum
1522 2110 1625 2153 satis

190 2170 391 2214 excultus
424 2170 703 2227 simplicibus
736 2169 891 2214 formis
924 2170 1171 2226 syntacticis
1194 2170 1408 2224 utebatur,
1442 2170 1622 2214 interro-

191 2230 397 2288 gationes
431 2230 716 2275 disiunctivas
748 2231 804 2275 ita
836 2230 1136 2275 conformatas
1169 2229 1320 2285 fuisse,
1360 2235 1406 2274 ut
1437 2231 1624 2287 opposi-

187 2291 248 2335 tio
282 2290 379 2335 sola
412 2290 679 2347 simplicium
714 2291 771 2335 ad
804 2290 995 2335 eandem
1031 2303 1234 2335 normam
1270 2288 1623 2346 compositarum

190 2351 587 2407 interrogationum
627 2351 685 2395 ad
731 2351 1073 2395 disiunctionem
1119 2351 1460 2407 exprimendam
1505 2350 1624 2393 suiti-

189 2415 320 2465 ceret,
356 2422 492 2468 quem
528 2423 659 2455 usum
694 2411 735 2455 in
769 2410 890 2455 libris
923 2423 1022 2455 raro
1055 2410 1122 2455 vel
1158 2411 1243 2454 iam
1289 2410 1412 2467 apud
1447 2410 1623 2467 priscos

188 2471 431 2526 scriptores
466 2471 852 2527 deprehendimus
886 2484 955 2514 ex.
991 2484 1055 2527 gr.

271 2586 278 2591 .
330 2542 393 2587 ΡΙ.
426 2541 548 2588 Asin.
584 2544 689 2588 465:
724 2541 797 2598 Sit,
832 2554 924 2588 non
958 2543 1023 2599 sit,
1058 2555 1151 2589 non
1184 2542 1354 2600 edepol
1389 2542 1485 2589 scio
1508 2541 1556 2598 2).

330 2616 426 2659 Ter.
451 2616 561 2659 Hec.
581 2618 687 2660 665:
722 2616 868 2659 videte
900 2616 1031 2659 iam...
1067 2616 1282 2659 remissan
1316 2628 1437 2672 opus
1470 2616 1523 2659 sit
1556 2628 1620 2658 re-

721 2676 883 2723 ductan
918 2676 1164 2733 domum.³)

334 2782 361 2828 ¹)
389 2783 449 2820 De
476 2777 850 2831 interrogationibus
877 2783 1116 2821 disiunctivis
1143 2785 1183 2820 et
1217 2794 1264 2820 an
1305 2783 1514 2833 particulae
1549 2793 1619 2820 usu

186 2831 289 2878 apud
316 2831 492 2869 Tacitum
521 2832 626 2869 Diss.
653 2832 782 2879 inaug.
812 2831 922 2869 Halis
949 2832 1149 2870 Saxonum
1181 2833 1282 2869 1883.

330 2890 360 2937 ²)
402 2901 439 2929 ν.
491 2891 594 2929 Drae
626 2902 686 2929 er:
738 2891 984 2930 Historische
1035 2891 1179 2941 Syntax
1230 2892 1297 2930 der
1350 2891 1617 2930 Lateinischen

487 2939 608 2991 Sprac
638 2951 659 2979 e
686 2940 723 2991 §-
747 2940 829 2980 469.

331 3001 359 3048 3)
410 3010 446 3039 ν.
474 3000 676 3050 Draeger:
729 3001 835 3052 Synt.
861 3002 901 3052 ἓ.
931 3002 1012 3048 469,
1045 3002 1082 3048 b,
1110 3007 1149 3040 ε.
