2108 3405
708 228 943 265 -13-

110 375 324 433 epistulis,
347 374 424 420 ubi
444 372 606 419 Cicero
628 372 892 431 quotidiano
913 371 1144 421 communi
1163 371 1291 416 utitur
1312 382 1538 425 sermone,

107 445 247 493 quem
280 435 338 478 ad
369 433 750 478 abbreviationem
798 435 841 475 et
892 432 1188 476 omissionem
1240 444 1333 476 non
1386 432 1536 476 solum

110 492 687 552 singularumsyllabarum
720 491 804 536 sed
836 491 966 535 etiam
1000 491 1310 535 universorum
1344 491 1541 535 vocabu·

110 557 253 599 lorum
304 565 586 609 propensum
617 551 757 596 inisse
790 556 949 596 notum·
1010 556 1090 596 est.
1127 551 1235 596 lnde
1268 551 1397 609 igitur
1459 564 1539 596 eae

108 614 279 659 formae
312 613 354 657 in
388 612 526 658 libros
558 612 751 668 scriptos
783 615 989 668 receptae
1021 616 1135 655 sunt.
1181 610 1287 655 Duo
1319 609 1541 656 habemus

110 685 277 731 genera
308 684 460 719 earum
480 672 892 729 interrogationum.
914 672 1002 730 Aut
1032 671 1152 716 enim
1175 671 1364 716 omissio
1384 671 1537 717 locum

110 733 244 777 habet
275 737 348 776 aut
378 733 664 788 interrogatio
697 731 959 775 disiunctiva
1003 731 1177 775 omisso
1225 731 1368 776 verbo
1415 731 1538 775 finito

109 794 152 836 in
184 792 312 836 aliam
346 792 608 836 sententiam
640 791 931 847 interponitur
962 791 1030 835 vel
1064 791 1103 835 ei
1136 791 1380 847 apponitur
1409 796 1451 835 et
1482 791 1538 835 ita

109 851 309 909 quidem,
343 857 388 896 ut
419 851 702 896 indicativum
736 850 926 895 modum
958 850 1282 895 enunciationis
1316 863 1408 896 non
1443 863 1537 894 mu-

108 916 178 955 tet.
191 912 221 965 ¹)
255 911 298 955 Si
331 913 516 967 insuper
564 911 920 955 consideraveris
962 911 1173 967 particula
1223 923 1279 955 an
1332 911 1533 966 plurimis

107 970 220 1016 locis
252 970 428 1030 singula
459 971 682 1017 vocabula
715 970 909 1029 disiungi
943 975 985 1015 et
1016 970 1126 1015 inter
1174 982 1224 1015 se
1257 971 1433 1028 opponi
1485 971 1540 1014 si-

110 1032 263 1077 militer
294 1037 428 1088 atque
460 1045 564 1075 vere
598 1031 871 1076 disiunctivis
904 1031 1297 1075 coniunctionibus
1330 1036 1416 1085 aut,
1451 1032 1536 1085 vel,

107 1104 176 1146 ve,
210 1091 318 1146 sive,
350 1090 475 1136 facile
525 1091 771 1149 intelleges,
804 1102 883 1135 cur
913 1090 1075 1135 iactum
1109 1091 1176 1145 sit,
1207 1095 1254 1136 ut
1286 1104 1342 1135 an
1376 1090 1444 1135 his
1478 1092 1541 1136 lo-

109 1153 171 1197 cis
204 1152 262 1197 ad
305 1152 539 1209 particulas
573 1152 826 1197 nominatas
859 1152 1117 1208 praesertim
1151 1151 1209 1197 ad
1241 1156 1315 1196 aut
1337 1152 1541 1209 proxime

107 1213 344 1257 accesserit
377 1217 419 1256 et
450 1225 535 1269 pro
568 1213 632 1256 eis
665 1211 1002 1267 adhiberetur.²)
1036 1212 1175 1256 Etiam
1210 1212 1387 1256 diversa
1415 1213 1535 1257 inter·

108 1273 223 1318 cedit
255 1273 376 1328 ratio,
409 1285 511 1318 cum
544 1273 712 1331 aliquot
743 1272 854 1318 locis
887 1285 972 1329 pro
988 1285 1045 1317 an
1081 1272 1226 1329 posita
1253 1277 1425 1318 exstent
1452 1273 1541 1328 vel,

107 1347 175 1386 ve,
211 1346 347 1391 quem
382 1346 512 1378 usum
547 1346 633 1378 suo
672 1334 777 1378 loco
797 1333 1041 1377 accuratius
1063 1333 1275 1378 tractabo.
1300 1333 1538 1392 Nusquam

106 1398 254 1438 tamen
289 1393 506 1450 decipitur
538 1398 611 1438 aut
643 1406 727 1451 pro
759 1406 829 1437 an.
851 1393 886 1448 ³)

805 1490 832 1532 l.

137 1560 494 1618 lauteri-oqationes,
525 1562 571 1602 in
602 1560 750 1618 quibus
786 1559 945 1618 ellipsis
986 1559 1159 1617 simplex
1190 1559 1407 1603 statuenda
1439 1567 1509 1607 est.

670 1634 711 1678 D
731 1635 974 1678 irectae.

109 1707 219 1751 Dial.
259 1709 335 1752 13:
370 1705 486 1751 Nam
522 1706 706 1765 Crispus
738 1707 819 1752 iste
852 1712 894 1752 et
933 1700 1183 1764 Marcellus,
1234 1707 1290 1752 ad
1340 1719 1535 1765 quorum

368 1768 576 1824 exempla
610 1781 681 1811 me
714 1781 867 1822 vocas,
901 1768 1009 1825 quid
1044 1768 1211 1813 habent
1256 1769 1298 1811 in
1332 1767 1415 1811 hac
1457 1781 1539 1812 sua

366 1827 541 1872 fortuna
572 1829 1019 1885 concupiscendum?
1082 1826 1224 1873 Quod
1286 1828 1439 1872 timent
1483 1841 1538 1872 an

367 1888 496 1945 quod
529 1889 762 1932 timentur?

255 1982 282 2022 ¹)
309 1982 356 2017 cf.
381 1982 490 2017 Hand
516 1982 546 2017 Ι.
572 1994 655 2029 pag.
682 1982 752 2018 300
777 1994 857 2028 sqq.
883 1984 1049 2028 Draeger
1077 1982 1180 2028 Synt,
1207 1983 1240 2030 §-
1265 1982 1347 2025 468,
1388 1983 1417 2024 Ι,
1445 1995 1476 2025 a,
1507 1985 1537 2020 l.

106 2028 259 2065 Kiihner
285 2028 444 2066 Gramm.
472 2031 502 2076 ᾗ.
530 2029 610 2074 234,
638 2031 659 2066 3
685 2030 789 2066 Anm.
824 2033 850 2066 Ι.
878 2029 1044 2067 Olbricht
1072 2041 1156 2078 pag.
1184 2031 1226 2066 21
1257 2041 1313 2077 sq.

251 2078 278 2122 ²)
307 2079 352 2115 cf.
380 2078 488 2115 Hand
513 2079 542 2116 Ι.
569 2091 652 2126 pag.
679 2079 748 2116 302
775 2090 828 2126 sq.
873 2079 1036 2126 Draeger
1077 2079 1182 2125 Synt.
1226 2079 1277 2116 ΙΙ.
1321 2090 1403 2126 pag.
1454 2078 1540 2123 493,

105 2126 272 2162 Schmalz
299 2127 402 2172 Synt.
422 2128 443 2163 3
461 2128 492 2172 ξ.
513 2127 593 2171 225,
613 2127 915 2163 Schmalz-Krebs
935 2129 1057 2164 Antib.
1078 2128 1133 2164 ed.
1153 2128 1236 2171 VII,
1255 2131 1282 2164 t.
1302 2127 1329 2172 Ι,
1352 2139 1433 2173 pag.
1456 2128 1538 2164 160.

252 2175 281 2216 3)
307 2176 345 2211 id
371 2175 464 2211 alios
491 2187 636 2222 quoque
663 2178 862 2223 scriptores
888 2176 1051 2221 attingit,
1090 2177 1164 2219 ubi,
1191 2177 1364 2223 quotiens
1388 2187 1428 2211 re
1454 2187 1541 2212 vera

105 2226 170 2259 aut
198 2224 401 2268 particulae
428 2236 474 2260 an
503 2226 583 2261 loco
623 2227 787 2273 apparet,
832 2224 1065 2261 scribendum
1107 2227 1165 2261 est
1191 2236 1238 2260 an
1264 2235 1317 2261 ex.
1346 2235 1399 2270 gr.
1445 2224 1538 2261 Plin.

104 2273 169 2318 Ep.
197 2272 239 2314 X,
266 2273 324 2310 48:
353 2273 526 2318 „dignum
554 2276 612 2310 est
653 2276 752 2309 certe
778 2274 1046 2310 deliberatione
1089 2275 1186 2318 sitne
1213 2273 1423 2310 faciendum
1467 2276 1541 2311 aut

107 2321 158 2355 sit
186 2321 468 2367 relinquendum
494 2333 541 2357 an
567 2322 677 2357 etiam
704 2321 1050 2358 destruendum“.—
1076 2322 1179 2358 Haec
1212 2324 1340 2357 mutua
1382 2322 1542 2368 particu-

106 2370 225 2405 larum
251 2381 298 2405 an
324 2373 362 2405 et
387 2372 453 2405 aut
478 2370 703 2407 consuetudo
730 2376 805 2406 tam
830 2370 996 2416 vulgaris
1022 2372 1089 2414 est,
1115 2372 1159 2407 ut
1184 2370 1310 2406 multis
1349 2369 1441 2406 locis
1467 2381 1546 2410 uon

107 2418 226 2452 solum
253 2418 487 2461 grammatici
514 2421 551 2453 et
577 2419 749 2461 editores,
776 2430 900 2454 verum
929 2420 1039 2454 etiam
1072 2419 1221 2455 codices
1263 2421 1359 2454 inter
1384 2430 1422 2454 se
1466 2418 1541 2454 dis-

107 2466 260 2512 crepent
286 2476 340 2506 ex,
366 2475 421 2509 gr.
448 2466 580 2502 Bacch.
609 2466 640 2510 1,
667 2465 700 2509 2,
726 2467 773 2502 54
802 2466 890 2502 »tibi
918 2477 985 2512 ego
1013 2468 1087 2504 aut
1112 2468 1156 2502 tu
1182 2466 1272 2502 mihi
1301 2477 1429 2501 servus
1454 2466 1536 2501 es?«

107 2513 251 2550 codices
295 2514 431 2550 habent
473 2526 519 2550 an
559 2517 596 2551 ct
622 2515 793 2561 antiquae
836 2515 1031 2560 editiones,
1073 2514 1171 2562 quod
1212 2526 1234 2550 a
1275 2515 1543 2551 recentioribus

107 2563 309 2597 editoribus
335 2565 435 2598 recte
461 2564 499 2598 in
526 2566 592 2599 aut
630 2566 810 2599 mutatum
847 2567 915 2607 est,
943 2575 1027 2600 nam
1069 2565 1257 2600 sententia
1294 2563 1392 2599 idem
1443 2564 1541 2600 valet

108 2610 216 2657 quod:
243 2621 329 2646 num
358 2621 425 2655 ego
452 2611 517 2647 tibi
543 2614 609 2647 aut
633 2613 676 2648 tu
702 2611 793 2649 mihi
819 2612 916 2648 servi
943 2611 1102 2648 sumus?
1128 2611 1311 2653 Similiter
1339 2607 1432 2647 Plin.
1474 2612 1542 2647 Pa-

108 2669 189 2701 neg.
215 2657 272 2701 84,
302 2660 331 2693 1:
362 2658 552 2695 »dubitare
579 2663 749 2705 cogatur,
778 2664 898 2696 utrum
925 2661 975 2696 sit
1001 2660 1192 2696 efficacius
1218 2660 1265 2695 ad
1290 2662 1391 2695 recte
1417 2660 1543 2695 viven-

109 2707 206 2742 dum:
234 2707 326 2742 bene
368 2706 514 2743 institui
560 2709 633 2745 aut
674 2707 833 2744 feliciter
874 2708 997 2743 nasci«
1028 2729 1072 2734 —
1098 2708 1153 2744 ita
1191 2708 1341 2754 plurimi
1385 2708 1542 2748 codices.

108 2755 172 2790 sed
197 2755 280 2791 Vat.
308 2756 445 2802 optimo
474 2757 551 2792 iure
578 2765 632 2794 an
650 2758 749 2800 (nam
779 2761 900 2792 utrum
928 2756 1144 2797 antecedit).
1173 2756 1287 2800 Plura
1313 2756 1483 2803 exempla
1509 2767 1540 2792 v.

108 2803 219 2838 Hand
245 2804 274 2840 Ι.
301 2815 384 2849 pag.
413 2806 478 2840 551
509 2816 563 2851 sq.
593 2805 706 2840 Recte
731 2806 849 2849 igitur
888 2806 1098 2850 Draogerns
1138 2805 1244 2851 Synt.
1272 2804 1319 2841 lI.
1350 2816 1433 2852 pag.
1476 2805 1541 2840 137

112 2853 200 2887 haec
227 2852 340 2889 dicit:
370 2853 457 2889 »Wo
484 2854 570 2889 aber
596 2854 703 2889 echte
741 2853 1087 2898 Disjunktivfragen
1114 2854 1319 2899 voi-lingon,
1345 2854 1442 2888 kann
1478 2856 1543 2888 aut

110 2901 214 2936 nicht
240 2902 367 2936 stehen
399 2903 470 2938 und
498 2902 586 2938 wird
613 2903 729 2938 selbst
754 2913 872 2947 gegen
912 2903 969 2938 die
995 2902 1289 2938 Hamischriften
1328 2903 1365 2938 in
1391 2914 1437 2937 an
1465 2914 1540 2937 ver-

111 2948 299 2984 wandelt.‹
330 2948 382 2985 cf.
411 2950 520 2985 Hand
558 2951 581 2986 1.
609 2951 631 2987 l.
676 2950 844 2986 Schmalz
888 2950 1013 2996 Synt.³
1038 2951 1070 2997 §.
1114 2951 1195 2994 248,
1238 2950 1540 2987 Krebs-Schmalz

111 2996 237 3033 Antib.
264 2996 295 3032 I.
321 3007 403 3044 pag.
431 2997 512 3035 227.
