2108 3405
1109 245 1321 284 -8-

638 392 690 437 C.
727 393 887 436 Halm:
922 391 1119 437 Cornelii
1152 393 1287 438 Taciti
1321 392 1392 437 D'e
1425 394 1511 438 vita
1543 397 1585 437 et
1619 394 1822 439 moribus
1843 392 1926 438 lulii

924 452 1163 511 Agricolae
1194 453 1309 498 liber
1343 454 1520 510 Lipsiae
1558 455 1685 498 1889.

637 523 689 568 C.
727 524 885 568 Halm.
921 524 1116 569 Cornelii
1179 525 1312 570 ‘l'a'citi
1378 525 1448 570 De
1513 525 1759 570 Germania
1822 516 1927 572 liber

927 584 1104 641 Lipsiae
1142 587 1268 630 1889.

636 656 682 700 Ε.
718 656 880 701 Wolff:
917 656 969 702 C.
1004 658 1136 702 Taciti
1172 658 1465 702 Historiarum
1499 658 1594 703 libri
1620 658 1763 703 Berol.
1804 659 1922 712 1888.

635 727 1175 786 Nipperdey-Andresen:
1194 730 1242 775 Ρ.
1263 728 1315 775 C.
1336 729 1513 776 Tacitus
1529 729 1727 776 Annales
1748 731 1800 775 10
1813 728 1923 774 Auil.

1204 791 1349 835 Berlin
1387 793 1500 837 1904
1534 791 1678 845 (Buch
1713 790 1874 845 l—Vl.)

636 861 1058 922 Draeger-Becherz
1094 862 1178 908 Die
1211 861 1415 909 Annalen
1435 864 1518 910 des
1536 864 1726 920 TacituS,
1746 863 1925 923 Leipzig

1094 926 1206 970 1899
1240 924 1385 979 (Buch
1418 925 1666 980 Xl—XVl.)

1179 1140 1240 1193 Α.

572 1235 1016 1294 interrogationes
1050 1236 1401 1292 disiunctivae,
1442 1248 1654 1294 quarum
1688 1236 1842 1282 ambo

647 1308 879 1352 membra
912 1309 1179 1365 expressis
1212 1309 1461 1365 incipiunt
1492 1309 1766 1366 particulis,

1093 1487 1327 1530 Utrum-an.

636 1573 789 1617 Utrum
824 1573 1105 1617 accusativus
1139 1578 1205 1617 est
1238 1574 1435 1617 neutrius
1469 1574 1648 1630 generis
1679 1574 1921 1629 interroga-

488 1633 557 1676 tivi
610 1633 894 1689 pronominis
932 1633 1112 1687 „uter“.
1150 1633 1274 1678 lnitio
1307 1633 1437 1691 igitur
1479 1634 1515 1678 is
1548 1638 1645 1678 erat*
1669 1638 1811 1677 utrum
1845 1645 1923 1677 vo-

490 1694 552 1737 cis
585 1694 628 1736 in
663 1693 937 1737 disiunctivis
971 1694 1395 1751 interrogationibus
1420 1694 1582 1748 usus,¹)
1608 1699 1650 1737 ut
1673 1694 1923 1749 praemisso

491 1753 749 1808 pronomini
783 1758 878 1796 uter
911 1754 1196 1810 interrogatio
1231 1754 1493 1797 disiunctiva
1515 1754 1788 1807 succederet.
1814 1751 1923 1797 Quo

486 1813 650 1857 factum
685 1818 765 1868 est,
797 1819 839 1857 ut
873 1826 958 1867 res,
994 1814 1051 1858 de
1102 1814 1268 1872 quibus
1326 1818 1544 1872 ageretur,
1594 1813 1772 1872 gravius
1817 1814 1925 1857 inter

488 1887 538 1918 se
572 1873 967 1931 opponerentur,²)
1004 1887 1140 1932 quem
1177 1887 1309 1918 usum
1363 1875 1485 1932 apud
1539 1875 1738 1919 Plautum
1794 1874 1923 1917 etiam

489 1940 530 1979 et
574 1935 826 1979 Terentium
881 1936 1114 1992 vulgarem
1167 1935 1306 1979 fuisse
1360 1935 1686 1980 accuratissime
1739 1934 1925 1978 Hinzius

488 2008 593 2052 pag.
634 1997 685 2039 18
719 2008 788 2052 sq.
825 1996 1205 2050 demonstravit.³)

632 2067 797 2110 Postea
829 2079 939 2111 vero
974 2067 1118 2110 nativa
1158 2067 1255 2110 eius
1304 2069 1430 2112 vocis
1479 2067 1662 2111 notione
1710 2065 1926 2121 imprimis

489 2128 532 2171 in
568 2126 959 2181 disiunctionibuS,
995 2139 1183 2184 quarum
1219 2127 1392 2183 priores
1425 2131 1572 2184 partes
1623 2126 1752 2170 nullis
1800 2125 1926 2182 parti-

486 2188 598 2232 culis
631 2188 868 2232 instructae
902 2192 1038 2241 erant,
1072 2188 1282 2244 paulatim
1316 2188 1530 2232 exstincta
1563 2192 1706 2231 utrum
1742 2186 1926 2242 particu-

486 2249 554 2292 lae
587 2248 927 2305 interrogativae
976 2248 1109 2291 instar
1161 2248 1363 2303 usurpari
1417 2253 1631 2303 coeptum
1665 2250 1745 2300 est,
1799 2246 1925 2303 quod

485 2308 609 2364 apud
644 2308 821 2365 priscos
864 2308 948 2351 iarn
1002 2308 1243 2363 scriptores
1298 2320 1572 2365 quamquam
1626 2319 1724 2351 raro
1776 2306 1925 2350 locum

487 2368 703 2413 habuisse
736 2368 931 2412 invenio.
967 2367 1177 2425 Denique
1228 2369 1269 2411 in
1304 2380 1407 2411 vere
1460 2367 1749 2411 disiunctivae
1801 2367 1927 2422 parti—

486 2429 612 2474 culae
645 2428 985 2486 interrogativae
1018 2428 1106 2472 vim
1140 2441 1192 2472 ac
1226 2429 1455 2473 notionem
1489 2427 1606 2481 abiit,
1640 2427 1684 2471 id
1718 2427 1844 2484 quod
1870 2438 1927 2471 eo

485 2489 658 2533 facilius
691 2488 783 2532 fieri
819 2489 975 2544 potuit,
1011 2489 1115 2545 quia
1164 2489 1249 2531 iam
1284 2489 1385 2545 ipsa
1418 2492 1618 2544 potestas
1652 2488 1748 2530 eius
1796 2499 1927 2530 voca-

487 2550 579 2595 buli
614 2549 961 2594 disiunctionem
986 2547 1347 2605 comprehendit.
1370 2547 1744 2606 lnterrogationes
1765 2550 1927 2600 autem,

487 2622 601 2666 quas
635 2609 738 2653 huic
760 2609 1076 2652 sententiarum
1099 2614 1207 2665 typo
1230 2609 1496 2662 adserimus,
1519 2608 1759 2664 plurimum
1781 2618 1927 2660 aurea,

486 2683 605 2727 quae
639 2673 838 2723 vocatur,
862 2673 1003 2713 aetate
1037 2681 1122 2713 usu
1155 2668 1408 2714 veniebant
1447 2667 1481 2723 ⁴)

636 2763 662 2808 ¹)
691 2773 727 2800 v
758 2762 932 2800 Corssen
961 2761 1052 2801 Krit
1082 2761 1198 2800 Beitr.
1238 2772 1306 2799 zur
1332 2762 1394 2800 lat
1422 2760 1615 2799 Formenl.
1636 2759 1794 2808 Leipzig
1838 2758 1929 2796 1863

487 2823 575 2860 pag
604 2812 697 2855 291,·
714 2812 842 2848 Hinze
870 2822 960 2858 pag.
991 2812 1046 2855 19,
1075 2813 1131 2855 2a,
1160 2806 1343 2851 Olbricht
1370 2821 1456 2858 pag.
1486 2812 1509 2847 4
1535 2821 1592 2856 sq.

633 2871 661 2914 ²)
690 2870 738 2907 cf.
766 2870 928 2909 Kiihner
955 2881 1044 2917 pag
1075 2871 1178 2913 1016,
1206 2872 1238 2913 7,
1267 2870 1447 2916 Draeger
1474 2869 1571 2917 Synt:
1598 2868 1623 2904 1.
1651 2868 1687 2914 ξ.
1717 2868 1794 2911 158,
1824 2868 1868 2911 Α,
1896 2878 1928 2911 c,

491 2920 667 2958 Gutsche
696 2930 783 2969 pag.
810 2920 868 2956 72.

638 2970 666 3012 ³)
694 2969 742 3004 cf.
772 2969 952 3013 Draeger
978 2969 1000 3005 l.
1028 2969 1051 3004 1.

634 3015 663 3061 ⁴)
692 3015 741 3053 cf.
770 3016 1064 3063 Draeger1,§.
1093 3015 1173 3055 158
1201 3026 1232 3058 c,
1261 3015 1302 3051 11.
1331 3015 1365 3062 ξ.
1393 3014 1464 3050 468
1491 2997 1536 3057 Α,
1564 3023 1596 3056 c,
1623 3012 1665 3049 B.
