2108 3405
710 251 946 285 -17-

232 395 477 453 Superest,
511 399 557 440 ut
586 395 630 439 in
661 394 746 439 An.
771 395 867 449 ·Xll,
889 396 948 439 52
979 394 1293 447 subsistamus,
1317 404 1412 451 quo
1432 393 1540 438 loco

108 458 293 505 codices
325 455 440 501 hanc
471 454 684 500 exhibent
715 455 1005 512 scripturam:
1062 457 1231 508 „morte
1275 452 1450 498 fortuita
1480 456 1538 497 ah

110 531 190 577 per
221 527 446 560 venenum
479 515 720 559 exstinctus
752 518 886 567 esset,
920 519 965 557 ut
997 515 1191 570 quisque
1224 513 1425 567 credidit,
1446 514 1538 556 vul-

110 576 316 637 gavere“.
349 575 384 620 Ε
406 575 502 626 ,loci
534 578 748 620 structura
779 573 979 632 sequitur
1022 573 1416 631 interrogationem
1451 572 1538 618 dis-

109 638 342 683 iunctivam
376 636 477 681 voci
515 635 806 692 „vulgavere'‘
843 647 946 679 esse
980 634 1243 688 obnoxiam,
1305 633 1434 692 quod
1482 638 1541 678 ta-

110 696 342 743 menterri
376 695 540 754 nequit.
575 694 837 759 Numquam
868 694 989 752 enim
1023 694 1312 751 componitur
1343 694 1532 739 verbum

115 757 346 814 „vul-gare⁴⁸
370 768 473 801 cum
505 746 866 813 interrogatione.
901 752 1032 799 Quae
1066 767 1168 799 cum
1202 755 1257 799 ita
1289 755 1387 809 sint,
1407 767 1545 805 voca-v

111 817 266 863 bulum
300 816 535 873 quoddam
581 814 1024 872 subintellegendum
1058 819 1138 868 est,
1186 827 1243 858 ex
1275 827 1369 871 quo
1417 815 1544 858 inter—

108 876 281 934 rogatio
314 879 465 920 nostra
482 874 691 931 pendeat,
709 887 778 918 ex.
798 886 862 932 gr.
884 874 1126 928 „incertum
1160 874 1273 918 est“.
1308 869 1398 928 Sed
1421 879 1464 918 et
1487 874 1541 918 ita

110 948 296 994 quoque
328 936 456 980 locus
489 935 715 979 obscurus
748 934 959 988 redditur,
993 946 1095 978 cum
1129 934 1398 988 nesciamus,
1420 946 1536 991 quo-

109 1009 211 1041 nam
246 996 388 1040 modo
427 1000 498 1049 „ut
529 995 723 1052 quisque
756 994 955 1049 credidit,
1008 994 1275 1052 vulgavere“
1298 998 1415 1039 'cum
1466 1007 1543 1038 an-

108 1055 418 1100 tecedentibus
451 1055 797 1112 coniungamus.
844 1054 976 1100 Recte
1010 1055 1139 1112 igitur
1182 1054 1258 1098 viri
1293 1054 1414 1099 docti
1456 1054 1546 1099 hoc

108 1117 213 1161 loco
245 1114 546 1160 anacoluthon
580 1114 773 1159 subesse
806 1114 1016 1170 suspicati
1050 1113 1203 1169 sunt¹).
1258 1113 1309 1158 Et
1341 1127 1450 1170 sane
1481 1113 1541 1174 fa-v

108 1177 200 1220 cilis
233 1180 353 1219 esset
383 1175 604 1218 intellectu
635 1175 779 1228 locus,
813 1175 848 1218 si
880 1173 1056 1218 Tacitus
1089 1174 1354 1230 scripsisset:
1391 1172 1543 1228 „Quia

109 1236 322 1279 incertum
355 1239 458 1288 erat,
506 1238 647 1279 morte
699 1234 873 1279 fortuita
904 1247 960 1278 an
1012 1247 1093 1291 per
1142 1246 1368 1278 venenum
1422 1239 1542 1278 esset

109 1295 364 1349 exstinctus,
399 1298 443 1338 ut
485 1295 677 1352 quisque
731 1294 929 1349 credidit,
968 1295 1234 1352 vulgavere“
1292 1299 1365 1337 aut
1415 1295 1543 1351 quod

110 1356 176 1399 alii
212 1359 562 1411 proposuerunt:
597 1359 770 1409 „morte
816 1354 991 1399 fortuita
1022 1367 1078 1398 an
1112 1367 1192 1410 per
1212 1367 1438 1398 venenum
1471 1362 1545 1398 ex-

110 1415 292 1459 stinctus
324 1418 456 1469 esset,
491 1427 583 1459 non
616 1414 719 1458 satis
753 1414 954 1459 constitit.
989 1413 1106 1458 Nam
1125 1414 1191 1458 alii
1237 1418 1380 1459 morte
1412 1413 1545 1459 fortu-

109 1477 177 1526 ita,
209 1475 277 1518 alii
310 1488 392 1532 per
422 1488 647 1519 venenum
682 1475 944 1519 exstinctum
978 1488 1095 1528 esse,
1144 1479 1188 1519 ut
1221 1474 1416 1532 quisque
1451 1488 1542 1519 cre·

110 1535 231 1589 didit,
265 1534 595 1593 vulgavere“.²)

251 1606 294 1651 Si
329 1619 448 1651 nunc
495 1607 864 1665 interrogationes
909 1606 1058 1651 adhuc
1109 1611 1295 1661 notatas,
1351 1619 1541 1664 quarum

109 1667 281 1723 priores
316 1671 462 1723 partes
496 1667 625 1711 nullis
670 1667 891 1723 particulis
944 1667 1295 1721 introducuntur,
1350 1680 1544 1724 perpen-

110 1727 320 1780 derimus,
353 1740 431 1770 eas
463 1727 586 1783 apud
619 1726 817 1783 Tacitum
851 1729 908 1771 46
940 1728 1053 1772 locis
1086 1739 1322 1771 occurrere
1346 1728 1539 1771 invenie·

110 1799 223 1831 mus:
258 1789 283 1831 5
318 1786 520 1841 directas,
554 1789 604 1830 41
644 1787 894 1842 indirectas,
927 1791 969 1831 et
1001 1787 1202 1844 quidem:
1236 1789 1265 1830 2
1297 1787 1340 1830 in
1375 1787 1486 1831 Dial.
1522 1790 1537 1830 l

108 1848 150 1891 in
185 1847 338 1892 Germ.
378 1849 429 1892 17
463 1848 505 1891 in
541 1848 652 1902 Hist,
686 1850 742 1892 25
775 1848 819 1892 in
851 1846 935 1892 An.
971 1847 1077 1892 lnde
1110 1852 1296 1904 apparet
1349 1860 1542 1904 perpau-

108 1920 183 1951 cas
216 1911 387 1951 exstare
421 1908 463 1951 in
498 1908 746 1952 minoribus
779 1908 967 1964 scriptis,
1021 1908 1172 1964 plures
1226 1908 1268 1951 in
1324 1908 1545 1961 Historiis,

109 1968 323 2025 plurimas
355 1968 398 2013 in
430 1967 695 2023 Annalibus,
739 1968 956 2026 temporis
989 1968 1118 2027 igitur
1168 1967 1362 2013 decursu
1414 1980 1545 2013 usum

106 2040 258 2072 earum
291 2030 378 2072 tam
412 2028 689 2086 frequentem
741 2029 905 2074 iactum
938 2042 1055 2083 esse,
1110 2035 1154 2073 ut
1207 2030 1248 2073 in
1297 2028 1546 2074 Annalibus

108 2088 311 2145 pluribus
346 2088 439 2144 (25)
475 2088 777 2145 offendamus,
812 2101 947 2148 quam
981 2089 1024 2133 in
1058 2089 1215 2134 ceteris
1247 2089 1369 2134 libris
1405 2089 1515 2145 (21).

250 2162 649 2219 lnterrogationum
713 2162 1016 2219 ellipticarum,
1072 2162 1130 2206 de
1163 2162 1331 2219 quibus
1382 2161 1547 2207 abhinc

107 2220 304 2267 dicturus
336 2234 452 2277 sum,
487 2221 575 2267 hoc
608 2222 825 2280 imprimis
858 2226 924 2266 est
965 2222 1215 2280 proprium,
1268 2222 1397 2279 quod
1449 2234 1543 2267 non

105 2282 409 2326 universarum
443 2283 756 2327 sententiarum
809 2283 904 2327 vice
935 2282 1197 2340 funguntur,
1252 2283 1335 2327 sed
1369 2283 1412 2326 in
1465 2283 1547 2327 alia

104 2342 336 2387 enunciata
367 2347 595 2400 tamquam
629 2343 800 2387 solidae
833 2355 991 2387 eorum
1026 2347 1174 2399 partes
1220 2343 1538 2387 interseruntur

103 2406 176 2444 aut
208 2402 271 2445 eis
303 2407 607 2459 apponuntur.
641 2402 863 2447 Exhibent
895 2407 1042 2447 autem
1089 2403 1264 2459 ellipsin
1311 2403 1540 2459 duplicem

103 2465 176 2507 aut
207 2461 421 2520 triplicem
455 2468 529 2508 aut
559 2462 690 2507 etiam
726 2462 1131 2522 quadruplicem.³)

249 2616 275 2663 ¹)
303 2616 482 2656 Similiter
507 2617 573 2656 An.
612 2617 709 2656 XIV.
752 2617 786 2657 9:
832 2617 1096 2667 »Aspexeritne
1139 2619 1295 2655 matrem
1338 2617 1543 2655 exanimem

102 2665 200 2701 Nero
227 2668 266 2702 et
291 2666 448 2703 formam
474 2668 640 2715 corporis
683 2667 761 2704 eius
798 2667 1018 2711 laudaverit,
1062 2670 1160 2712 sunt,
1201 2667 1266 2714 qui
1306 2667 1544 2711 tradiderint,

102 2714 199 2757 sunt,
242 2714 305 2761 qui
346 2716 542 2753 abnuant«
597 2714 669 2752 Hic
719 2715 895 2752 confusae
945 2718 1033 2752 sunt
1082 2716 1174 2752 duae
1225 2716 1546 2752 constructiones:

102 2762 140 2805 1)
166 2764 395 2811 aspexerinte
422 2768 456 2802 et
481 2764 701 2808 laudaverit,
728 2765 913 2802 incertum
939 2766 997 2802 est
1022 2764 1058 2810 2)
1086 2764 1272 2812 aspexisse
1298 2768 1333 2802 et
1358 2764 1541 2808 laudasse,

101 2812 198 2855 sunt,
226 2813 290 2858 qui
315 2812 549 2858 tradiderint,
575 2815 674 2858 sunt,
701 2813 766 2861 qui
794 2813 971 2851 abnuant.

243 2870 272 2915 ²)
299 2872 344 2910 cf.
372 2870 489 2910 Orelli
514 2872 599 2911 adn.
627 2873 796 2921 Draeger
823 2872 905 2919 adn,
933 2873 1073 2922 Syutax
1106 2884 1141 2911 u.
1169 2873 1240 2911 Stil
1283 2872 1347 2910 des
1389 2873 1541 2910 Tacitus

99 2918 131 2966 ξ.
159 2919 239 2966 254,
265 2919 480 2971 Nipperdey
507 2921 591 2961 adn.

107 3029 154 3069 92
180 2981 273 3081 sqq-²)
299 2982 413 3022 latius
439 2993 519 3022 eam
545 2994 622 3023 rem
664 2984 803 3023 tractat
846 2981 1075 3023 Woelfflinus
1117 2984 1250 3022 Philol.
1294 2980 1404 3022 XXV·
1452 2992 1533 3032 1³⁸3·

1424 3106 1446 3141 2
