<?xml version="1.0" encoding="UTF-8"?>
<!DOCTYPE html PUBLIC "-//W3C//DTD XHTML 1.0 Transitional//EN"
    "http://www.w3.org/TR/xhtml1/DTD/xhtml1-transitional.dtd">
<html xmlns="http://www.w3.org/1999/xhtml" xml:lang="en" lang="en">
 <head>
  <title>
</title>
<meta http-equiv="Content-Type" content="text/html;charset=utf-8" />
  <meta name='ocr-system' content='tesseract 3.04.00' />
  <meta name='ocr-capabilities' content='ocr_page ocr_carea ocr_par ocr_line ocrx_word'/>
</head>
<body>
  <div class='ocr_page' id='page_1' title='image "4738112_0012.png"; bbox 0 0 2108 3405; ppageno 0'>
   <div class='ocr_carea' id='block_1_1' title="bbox 1086 276 1298 311">
    <p class='ocr_par' dir='ltr' id='par_1_1' title="bbox 1086 276 1298 311">
     <span class='ocr_line' id='line_1_1' title="bbox 1086 276 1298 311; baseline 0 -10"><span class='ocrx_word' id='word_1_1' title='bbox 1086 276 1298 311; x_wconf 76' lang='lat'>-4-</span> 
     </span>
    </p>
   </div>
   <div class='ocr_carea' id='block_1_2' title="bbox 616 420 1906 539">
    <p class='ocr_par' dir='ltr' id='par_1_2' title="bbox 616 420 1906 539">
     <span class='ocr_line' id='line_1_2' title="bbox 616 420 1906 482; baseline 0.001 -16"><span class='ocrx_word' id='word_1_2' title='bbox 616 422 678 466; x_wconf 90' lang='grc' dir='ltr'>ΡΙ.</span> <span class='ocrx_word' id='word_1_3' title='bbox 713 421 843 478; x_wconf 73' lang='grc' dir='ltr'>ΙΞρίᾶ.Ι</span> <span class='ocrx_word' id='word_1_4' title='bbox 876 423 982 466; x_wconf 85' lang='lat'>223:</span> <span class='ocrx_word' id='word_1_5' title='bbox 1029 420 1155 476; x_wconf 77' lang='lat' dir='ltr'>Quid</span> <span class='ocrx_word' id='word_1_6' title='bbox 1207 428 1297 468; x_wconf 85' lang='lat' dir='ltr'>erat</span> <span class='ocrx_word' id='word_1_7' title='bbox 1347 424 1531 469; x_wconf 76' lang='lat' dir='ltr'>induta?</span> <span class='ocrx_word' id='word_1_8' title='bbox 1586 422 1655 467; x_wconf 86' lang='lat' dir='ltr'>An</span> <span class='ocrx_word' id='word_1_9' title='bbox 1708 423 1906 482; x_wconf 86' lang='lat' dir='ltr'>regillam</span> 
     </span>
     <span class='ocr_line' id='line_1_3' title="bbox 1035 483 1795 539; baseline 0.001 -12"><span class='ocrx_word' id='word_1_10' title='bbox 1035 483 1291 528; x_wconf 80' lang='lat' dir='ltr'>induculam</span> <span class='ocrx_word' id='word_1_11' title='bbox 1325 497 1381 528; x_wconf 91' lang='lat' dir='ltr'>an</span> <span class='ocrx_word' id='word_1_12' title='bbox 1415 483 1741 529; x_wconf 90' lang='lat' dir='ltr'>mendiculam?</span> <span class='ocrx_word' id='word_1_13' title='bbox 1764 483 1795 539; x_wconf 90' lang='lat'>¹)</span> 
     </span>
    </p>
   </div>
   <div class='ocr_carea' id='block_1_3' title="bbox 467 554 1907 974">
    <p class='ocr_par' dir='ltr' id='par_1_3' title="bbox 467 554 1907 974">
     <span class='ocr_line' id='line_1_4' title="bbox 614 554 1903 614; baseline 0.002 -17"><span class='ocrx_word' id='word_1_14' title='bbox 614 554 852 611; x_wconf 83' lang='lat' dir='ltr'>Temporis</span> <span class='ocrx_word' id='word_1_15' title='bbox 887 555 1096 610; x_wconf 90' lang='lat' dir='ltr'>decursu,</span> <span class='ocrx_word' id='word_1_16' title='bbox 1130 569 1231 601; x_wconf 92' lang='lat' dir='ltr'>cum</span> <span class='ocrx_word' id='word_1_17' title='bbox 1266 569 1417 601; x_wconf 90' lang='lat' dir='ltr'>sermo</span> <span class='ocrx_word' id='word_1_18' title='bbox 1451 556 1627 600; x_wconf 86' lang='lat' dir='ltr'>Latinus</span> <span class='ocrx_word' id='word_1_19' title='bbox 1652 556 1795 614; x_wconf 89' lang='lat' dir='ltr'>magis</span> <span class='ocrx_word' id='word_1_20' title='bbox 1819 568 1903 600; x_wconf 88' lang='lat' dir='ltr'>ma-</span> 
     </span>
     <span class='ocr_line' id='line_1_5' title="bbox 471 615 1906 673; baseline 0.002 -16"><span class='ocrx_word' id='word_1_21' title='bbox 471 615 632 671; x_wconf 88' lang='lat' dir='ltr'>gisque</span> <span class='ocrx_word' id='word_1_22' title='bbox 665 615 943 659; x_wconf 79' lang='lat' dir='ltr'>excoleretur</span> <span class='ocrx_word' id='word_1_23' title='bbox 976 621 1017 660; x_wconf 92' lang='lat' dir='ltr'>et</span> <span class='ocrx_word' id='word_1_24' title='bbox 1049 617 1268 673; x_wconf 90' lang='lat' dir='ltr'>ampliore</span> <span class='ocrx_word' id='word_1_25' title='bbox 1317 617 1384 661; x_wconf 91' lang='lat' dir='ltr'>vel</span> <span class='ocrx_word' id='word_1_26' title='bbox 1424 617 1465 660; x_wconf 90' lang='lat' dir='ltr'>in</span> <span class='ocrx_word' id='word_1_27' title='bbox 1500 616 1696 661; x_wconf 91' lang='lat' dir='ltr'>dicendo</span> <span class='ocrx_word' id='word_1_28' title='bbox 1745 616 1813 660; x_wconf 92' lang='lat' dir='ltr'>vel</span> <span class='ocrx_word' id='word_1_29' title='bbox 1864 616 1906 660; x_wconf 93' lang='lat' dir='ltr'>in</span> 
     </span>
     <span class='ocr_line' id='line_1_6' title="bbox 470 674 1907 733; baseline 0.001 -16"><span class='ocrx_word' id='word_1_30' title='bbox 470 674 714 718; x_wconf 92' lang='lat' dir='ltr'>scribendo</span> <span class='ocrx_word' id='word_1_31' title='bbox 747 687 830 718; x_wconf 94' lang='lat' dir='ltr'>usu</span> <span class='ocrx_word' id='word_1_32' title='bbox 866 676 1018 731; x_wconf 90' lang='lat' dir='ltr'>plures</span> <span class='ocrx_word' id='word_1_33' title='bbox 1051 681 1092 720; x_wconf 91' lang='lat' dir='ltr'>et</span> <span class='ocrx_word' id='word_1_34' title='bbox 1125 678 1266 720; x_wconf 91' lang='lat' dir='ltr'>varias</span> <span class='ocrx_word' id='word_1_35' title='bbox 1298 677 1467 721; x_wconf 76' lang='lat' dir='ltr'>formas</span> <span class='ocrx_word' id='word_1_36' title='bbox 1501 676 1699 733; x_wconf 73' lang='lat' dir='ltr'>proferre</span> <span class='ocrx_word' id='word_1_37' title='bbox 1727 676 1907 733; x_wconf 88' lang='lat' dir='ltr'>coepis-</span> 
     </span>
     <span class='ocr_line' id='line_1_7' title="bbox 469 734 1905 792; baseline 0.003 -16"><span class='ocrx_word' id='word_1_38' title='bbox 469 740 547 786; x_wconf 88' lang='lat' dir='ltr'>set,</span> <span class='ocrx_word' id='word_1_39' title='bbox 583 734 625 777; x_wconf 92' lang='lat' dir='ltr'>id</span> <span class='ocrx_word' id='word_1_40' title='bbox 661 735 788 791; x_wconf 94' lang='lat' dir='ltr'>quod</span> <span class='ocrx_word' id='word_1_41' title='bbox 825 749 916 779; x_wconf 93' lang='lat' dir='ltr'>non</span> <span class='ocrx_word' id='word_1_42' title='bbox 952 737 1091 779; x_wconf 93' lang='lat' dir='ltr'>multo</span> <span class='ocrx_word' id='word_1_43' title='bbox 1124 742 1224 780; x_wconf 91' lang='lat' dir='ltr'>ante</span> <span class='ocrx_word' id='word_1_44' title='bbox 1258 737 1395 780; x_wconf 79' lang='lat' dir='ltr'>Plauti</span> <span class='ocrx_word' id='word_1_45' title='bbox 1429 746 1470 780; x_wconf 92' lang='lat' dir='ltr'>et</span> <span class='ocrx_word' id='word_1_46' title='bbox 1511 737 1698 780; x_wconf 82' lang='lat' dir='ltr'>Terentii</span> <span class='ocrx_word' id='word_1_47' title='bbox 1732 742 1905 792; x_wconf 91' lang='lat' dir='ltr'>tempo—</span> 
     </span>
     <span class='ocr_line' id='line_1_8' title="bbox 469 792 1904 853; baseline 0.001 -17"><span class='ocrx_word' id='word_1_48' title='bbox 469 806 513 836; x_wconf 90' lang='lat' dir='ltr'>ra</span> <span class='ocrx_word' id='word_1_49' title='bbox 544 792 707 837; x_wconf 80' lang='lat' dir='ltr'>factum</span> <span class='ocrx_word' id='word_1_50' title='bbox 742 807 844 838; x_wconf 91' lang='lat' dir='ltr'>esse</span> <span class='ocrx_word' id='word_1_51' title='bbox 878 795 1063 848; x_wconf 91' lang='lat' dir='ltr'>videtur,</span> <span class='ocrx_word' id='word_1_52' title='bbox 1088 796 1238 850; x_wconf 91' lang='lat' dir='ltr'>plures</span> <span class='ocrx_word' id='word_1_53' title='bbox 1262 796 1657 853; x_wconf 81' lang='lat' dir='ltr'>interrogationum</span> <span class='ocrx_word' id='word_1_54' title='bbox 1684 797 1904 840; x_wconf 89' lang='lat' dir='ltr'>disiuncti-</span> 
     </span>
     <span class='ocr_line' id='line_1_9' title="bbox 467 855 1905 913; baseline 0.003 -16"><span class='ocrx_word' id='word_1_55' title='bbox 467 866 620 898; x_wconf 90' lang='lat' dir='ltr'>varum</span> <span class='ocrx_word' id='word_1_56' title='bbox 661 855 916 899; x_wconf 90' lang='lat' dir='ltr'>exstiterunt</span> <span class='ocrx_word' id='word_1_57' title='bbox 961 861 1200 900; x_wconf 86' lang='lat' dir='ltr'>structurae</span> <span class='ocrx_word' id='word_1_58' title='bbox 1233 856 1362 900; x_wconf 90' lang='lat' dir='ltr'>variis</span> <span class='ocrx_word' id='word_1_59' title='bbox 1407 857 1686 913; x_wconf 86' lang='lat' dir='ltr'>simplicibus</span> <span class='ocrx_word' id='word_1_60' title='bbox 1727 857 1905 901; x_wconf 92' lang='lat' dir='ltr'>interro-</span> 
     </span>
     <span class='ocr_line' id='line_1_10' title="bbox 469 915 1413 974; baseline 0.003 -17"><span class='ocrx_word' id='word_1_61' title='bbox 469 915 725 971; x_wconf 88' lang='lat' dir='ltr'>gationibus</span> <span class='ocrx_word' id='word_1_62' title='bbox 760 916 868 959; x_wconf 89' lang='lat' dir='ltr'>inter</span> <span class='ocrx_word' id='word_1_63' title='bbox 901 929 951 959; x_wconf 94' lang='lat' dir='ltr'>se</span> <span class='ocrx_word' id='word_1_64' title='bbox 984 916 1210 972; x_wconf 89' lang='lat' dir='ltr'>oppositis</span> <span class='ocrx_word' id='word_1_65' title='bbox 1244 930 1312 960; x_wconf 87' lang='lat' dir='ltr'>ex.</span> <span class='ocrx_word' id='word_1_66' title='bbox 1349 930 1413 974; x_wconf 89' lang='lat' dir='ltr'>gr.</span> 
     </span>
    </p>
   </div>
   <div class='ocr_carea' id='block_1_4' title="bbox 460 987 1904 2369">
    <p class='ocr_par' dir='ltr' id='par_1_4' title="bbox 612 987 1904 1273">
     <span class='ocr_line' id='line_1_11' title="bbox 612 987 1904 1046; baseline 0.002 -14"><span class='ocrx_word' id='word_1_67' title='bbox 612 988 673 1032; x_wconf 88' lang='grc' dir='ltr'>ΡΙ.</span> <span class='ocrx_word' id='word_1_68' title='bbox 712 987 871 1033; x_wconf 83' lang='lat' dir='ltr'>Bacch.</span> <span class='ocrx_word' id='word_1_69' title='bbox 907 990 995 1034; x_wconf 87' lang='grc'>400</span> <span class='ocrx_word' id='word_1_70' title='bbox 1018 1002 1127 1046; x_wconf 86' lang='lat' dir='ltr'>sqq:</span> <span class='ocrx_word' id='word_1_71' title='bbox 1164 1002 1282 1033; x_wconf 93' lang='lat' dir='ltr'>nunc</span> <span class='ocrx_word' id='word_1_72' title='bbox 1302 995 1527 1034; x_wconf 90' lang='lat' dir='ltr'>certamen</span> <span class='ocrx_word' id='word_1_73' title='bbox 1551 990 1753 1045; x_wconf 84' lang='lat' dir='ltr'>cernitur,</span> <span class='ocrx_word' id='word_1_74' title='bbox 1778 989 1904 1035; x_wconf 90' lang='lat' dir='ltr'>Sisne</span> 
     </span>
     <span class='ocr_line' id='line_1_12' title="bbox 1165 1052 1903 1106; baseline 0.001 -13"><span class='ocrx_word' id='word_1_75' title='bbox 1165 1062 1323 1103; x_wconf 93' lang='lat' dir='ltr'>necne,</span> <span class='ocrx_word' id='word_1_76' title='bbox 1359 1055 1403 1093; x_wconf 89' lang='lat' dir='ltr'>ut</span> <span class='ocrx_word' id='word_1_77' title='bbox 1424 1063 1527 1093; x_wconf 92' lang='lat' dir='ltr'>esse</span> <span class='ocrx_word' id='word_1_78' title='bbox 1546 1056 1724 1106; x_wconf 86' lang='lat' dir='ltr'>oportet</span> <span class='ocrx_word' id='word_1_79' title='bbox 1748 1052 1903 1104; x_wconf 90' lang='lat' dir='ltr'>malus,</span> 
     </span>
     <span class='ocr_line' id='line_1_13' title="bbox 1166 1110 1902 1166; baseline 0.001 -12"><span class='ocrx_word' id='word_1_80' title='bbox 1166 1110 1333 1163; x_wconf 90' lang='lat' dir='ltr'>bonus,</span> <span class='ocrx_word' id='word_1_81' title='bbox 1352 1110 1724 1166; x_wconf 90' lang='lat' dir='ltr'>quoiquoimodi:</span> <span class='ocrx_word' id='word_1_82' title='bbox 1750 1111 1902 1164; x_wconf 81' lang='lat' dir='ltr'>iustuS,</span> 
     </span>
     <span class='ocr_line' id='line_1_14' title="bbox 1164 1170 1900 1227; baseline 0.001 -14"><span class='ocrx_word' id='word_1_83' title='bbox 1164 1170 1370 1213; x_wconf 86' lang='lat' dir='ltr'>iniustus:</span> <span class='ocrx_word' id='word_1_84' title='bbox 1437 1170 1673 1226; x_wconf 89' lang='lat' dir='ltr'>malignus,</span> <span class='ocrx_word' id='word_1_85' title='bbox 1729 1171 1900 1227; x_wconf 88' lang='lat' dir='ltr'>largus:</span> 
     </span>
     <span class='ocr_line' id='line_1_15' title="bbox 1163 1229 1613 1273; baseline 0 -1"><span class='ocrx_word' id='word_1_86' title='bbox 1163 1230 1290 1273; x_wconf 88' lang='lat' dir='ltr'>tristis</span> <span class='ocrx_word' id='word_1_87' title='bbox 1323 1229 1613 1273; x_wconf 91' lang='lat' dir='ltr'>commodus.</span> 
     </span>
    </p>

    <p class='ocr_par' dir='ltr' id='par_1_5' title="bbox 611 1287 1903 1394">
     <span class='ocr_line' id='line_1_16' title="bbox 611 1287 1903 1347; baseline 0.001 -15"><span class='ocrx_word' id='word_1_88' title='bbox 611 1287 725 1332; x_wconf 88' lang='lat' dir='ltr'>Cato</span> <span class='ocrx_word' id='word_1_89' title='bbox 745 1289 802 1332; x_wconf 93' lang='lat' dir='ltr'>de</span> <span class='ocrx_word' id='word_1_90' title='bbox 822 1302 866 1331; x_wconf 91' lang='lat' dir='ltr'>re</span> <span class='ocrx_word' id='word_1_91' title='bbox 887 1294 989 1332; x_wconf 88' lang='lat' dir='ltr'>rust.</span> <span class='ocrx_word' id='word_1_92' title='bbox 1011 1287 1127 1332; x_wconf 89' lang='lat' dir='ltr'>CXl:</span> <span class='ocrx_word' id='word_1_93' title='bbox 1164 1288 1205 1333; x_wconf 90' lang='lat' dir='ltr'>Si</span> <span class='ocrx_word' id='word_1_94' title='bbox 1240 1290 1368 1333; x_wconf 88' lang='lat' dir='ltr'>voles</span> <span class='ocrx_word' id='word_1_95' title='bbox 1387 1289 1514 1342; x_wconf 90' lang='lat' dir='ltr'>scire,</span> <span class='ocrx_word' id='word_1_96' title='bbox 1538 1289 1581 1332; x_wconf 91' lang='lat' dir='ltr'>in</span> <span class='ocrx_word' id='word_1_97' title='bbox 1602 1290 1754 1333; x_wconf 92' lang='lat' dir='ltr'>vinum</span> <span class='ocrx_word' id='word_1_98' title='bbox 1787 1302 1903 1347; x_wconf 90' lang='lat' dir='ltr'>aqua</span> 
     </span>
     <span class='ocr_line' id='line_1_17' title="bbox 1161 1349 1582 1394; baseline 0 -1"><span class='ocrx_word' id='word_1_99' title='bbox 1161 1349 1309 1394; x_wconf 92' lang='lat' dir='ltr'>addita</span> <span class='ocrx_word' id='word_1_100' title='bbox 1342 1350 1394 1393; x_wconf 89' lang='lat' dir='ltr'>sit</span> <span class='ocrx_word' id='word_1_101' title='bbox 1427 1362 1582 1394; x_wconf 92' lang='lat' dir='ltr'>necne.</span> 
     </span>
    </p>

    <p class='ocr_par' dir='ltr' id='par_1_6' title="bbox 610 1409 1899 1467">
     <span class='ocr_line' id='line_1_18' title="bbox 610 1409 1899 1467; baseline 0.001 -15"><span class='ocrx_word' id='word_1_102' title='bbox 610 1409 927 1453; x_wconf 89' lang='lat' dir='ltr'>Usitatissimae</span> <span class='ocrx_word' id='word_1_103' title='bbox 974 1415 1095 1453; x_wconf 90' lang='lat' dir='ltr'>erant</span> <span class='ocrx_word' id='word_1_104' title='bbox 1143 1409 1327 1461; x_wconf 76' lang='lat' dir='ltr'>formae,</span> <span class='ocrx_word' id='word_1_105' title='bbox 1364 1422 1552 1467; x_wconf 86' lang='lat' dir='ltr'>quarum</span> <span class='ocrx_word' id='word_1_106' title='bbox 1607 1411 1715 1466; x_wconf 89' lang='lat' dir='ltr'>parti</span> <span class='ocrx_word' id='word_1_107' title='bbox 1767 1410 1899 1466; x_wconf 90' lang='lat' dir='ltr'>priori</span> 
     </span>
    </p>

    <p class='ocr_par' dir='ltr' id='par_1_7' title="bbox 460 1469 1901 2369">
     <span class='ocr_line' id='line_1_19' title="bbox 464 1469 1901 1527; baseline 0.001 -14"><span class='ocrx_word' id='word_1_108' title='bbox 464 1469 685 1526; x_wconf 89' lang='lat' dir='ltr'>particulis</span> <span class='ocrx_word' id='word_1_109' title='bbox 719 1474 878 1524; x_wconf 85' lang='lat' dir='ltr'>utrum,</span> <span class='ocrx_word' id='word_1_110' title='bbox 914 1482 985 1524; x_wconf 91' lang='lat' dir='ltr'>ne,</span> <span class='ocrx_word' id='word_1_111' title='bbox 1005 1471 1073 1515; x_wconf 93' lang='lat' dir='ltr'>vel</span> <span class='ocrx_word' id='word_1_112' title='bbox 1108 1471 1227 1515; x_wconf 90' lang='lat' dir='ltr'>nulla</span> <span class='ocrx_word' id='word_1_113' title='bbox 1249 1470 1525 1515; x_wconf 88' lang='lat' dir='ltr'>introductae</span> <span class='ocrx_word' id='word_1_114' title='bbox 1550 1471 1773 1527; x_wconf 90' lang='lat' dir='ltr'>posterior</span> <span class='ocrx_word' id='word_1_115' title='bbox 1804 1483 1901 1527; x_wconf 91' lang='lat' dir='ltr'>par-</span> 
     </span>
     <span class='ocr_line' id='line_1_20' title="bbox 461 1530 1900 1587; baseline 0.001 -14"><span class='ocrx_word' id='word_1_116' title='bbox 461 1530 590 1574; x_wconf 91' lang='lat' dir='ltr'>ticula</span> <span class='ocrx_word' id='word_1_117' title='bbox 623 1543 678 1573; x_wconf 91' lang='lat' dir='ltr'>an</span> <span class='ocrx_word' id='word_1_118' title='bbox 712 1530 1047 1586; x_wconf 84' lang='lat' dir='ltr'>opponebatur,</span> <span class='ocrx_word' id='word_1_119' title='bbox 1083 1531 1190 1575; x_wconf 96' lang='lat' dir='ltr'>dum</span> <span class='ocrx_word' id='word_1_120' title='bbox 1226 1544 1362 1587; x_wconf 91' lang='lat' dir='ltr'>supra</span> <span class='ocrx_word' id='word_1_121' title='bbox 1397 1535 1670 1575; x_wconf 86' lang='lat' dir='ltr'>memoratae</span> <span class='ocrx_word' id='word_1_122' title='bbox 1714 1531 1900 1575; x_wconf 89' lang='lat' dir='ltr'>rariores</span> 
     </span>
     <span class='ocr_line' id='line_1_21' title="bbox 460 1589 1899 1646; baseline -0.001 -12"><span class='ocrx_word' id='word_1_123' title='bbox 460 1590 639 1634; x_wconf 81' lang='lat' dir='ltr'>fiebant.</span> <span class='ocrx_word' id='word_1_124' title='bbox 674 1589 877 1633; x_wconf 86' lang='lat' dir='ltr'>Tandem</span> <span class='ocrx_word' id='word_1_125' title='bbox 912 1602 1021 1634; x_wconf 92' lang='lat' dir='ltr'>usus</span> <span class='ocrx_word' id='word_1_126' title='bbox 1055 1591 1292 1646; x_wconf 87' lang='lat' dir='ltr'>particulae</span> <span class='ocrx_word' id='word_1_127' title='bbox 1326 1604 1381 1634; x_wconf 91' lang='lat' dir='ltr'>an</span> <span class='ocrx_word' id='word_1_128' title='bbox 1415 1591 1457 1634; x_wconf 91' lang='lat' dir='ltr'>in</span> <span class='ocrx_word' id='word_1_129' title='bbox 1492 1591 1726 1646; x_wconf 91' lang='lat' dir='ltr'>posteriori</span> <span class='ocrx_word' id='word_1_130' title='bbox 1762 1603 1899 1633; x_wconf 91' lang='lat' dir='ltr'>mem-</span> 
     </span>
     <span class='ocr_line' id='line_1_22' title="bbox 462 1649 1899 1707; baseline -0.001 -13"><span class='ocrx_word' id='word_1_131' title='bbox 462 1650 546 1695; x_wconf 93' lang='lat' dir='ltr'>bro</span> <span class='ocrx_word' id='word_1_132' title='bbox 579 1655 666 1694; x_wconf 93' lang='lat' dir='ltr'>tam</span> <span class='ocrx_word' id='word_1_133' title='bbox 701 1650 935 1706; x_wconf 89' lang='lat' dir='ltr'>peculiaris</span> <span class='ocrx_word' id='word_1_134' title='bbox 969 1649 1108 1695; x_wconf 78' lang='lat' dir='ltr'>iactus</span> <span class='ocrx_word' id='word_1_135' title='bbox 1142 1655 1222 1705; x_wconf 90' lang='lat' dir='ltr'>est,</span> <span class='ocrx_word' id='word_1_136' title='bbox 1257 1655 1301 1694; x_wconf 92' lang='lat' dir='ltr'>ut</span> <span class='ocrx_word' id='word_1_137' title='bbox 1334 1651 1542 1707; x_wconf 91' lang='lat' dir='ltr'>paulatim</span> <span class='ocrx_word' id='word_1_138' title='bbox 1567 1650 1632 1694; x_wconf 90' lang='lat' dir='ltr'>vis</span> <span class='ocrx_word' id='word_1_139' title='bbox 1656 1650 1751 1694; x_wconf 90' lang='lat' dir='ltr'>eius</span> <span class='ocrx_word' id='word_1_140' title='bbox 1773 1650 1899 1695; x_wconf 88' lang='lat' dir='ltr'>vocis</span> 
     </span>
     <span class='ocr_line' id='line_1_23' title="bbox 462 1709 1897 1768; baseline 0 -14"><span class='ocrx_word' id='word_1_141' title='bbox 462 1710 618 1764; x_wconf 88' lang='lat' dir='ltr'>nativa,</span> <span class='ocrx_word' id='word_1_142' title='bbox 654 1723 771 1767; x_wconf 90' lang='lat' dir='ltr'>quae</span> <span class='ocrx_word' id='word_1_143' title='bbox 804 1723 908 1753; x_wconf 91' lang='lat' dir='ltr'>vere</span> <span class='ocrx_word' id='word_1_144' title='bbox 942 1710 1253 1768; x_wconf 85' lang='lat' dir='ltr'>interrogativa</span> <span class='ocrx_word' id='word_1_145' title='bbox 1286 1715 1388 1764; x_wconf 89' lang='lat' dir='ltr'>erat,</span> <span class='ocrx_word' id='word_1_146' title='bbox 1436 1711 1700 1755; x_wconf 91' lang='lat' dir='ltr'>disiunctiva</span> <span class='ocrx_word' id='word_1_147' title='bbox 1745 1709 1897 1754; x_wconf 88' lang='lat' dir='ltr'>haberi</span> 
     </span>
     <span class='ocr_line' id='line_1_24' title="bbox 461 1769 1897 1828; baseline -0.001 -13"><span class='ocrx_word' id='word_1_148' title='bbox 461 1776 623 1826; x_wconf 88' lang='lat' dir='ltr'>coepta</span> <span class='ocrx_word' id='word_1_149' title='bbox 656 1775 788 1814; x_wconf 90' lang='lat' dir='ltr'>esset.</span> <span class='ocrx_word' id='word_1_150' title='bbox 824 1769 975 1814; x_wconf 87' lang='lat' dir='ltr'>Causa</span> <span class='ocrx_word' id='word_1_151' title='bbox 1007 1776 1096 1815; x_wconf 90' lang='lat' dir='ltr'>erat</span> <span class='ocrx_word' id='word_1_152' title='bbox 1129 1770 1254 1825; x_wconf 89' lang='lat' dir='ltr'>haec,</span> <span class='ocrx_word' id='word_1_153' title='bbox 1288 1771 1414 1828; x_wconf 91' lang='lat' dir='ltr'>quod</span> <span class='ocrx_word' id='word_1_154' title='bbox 1447 1771 1488 1814; x_wconf 91' lang='lat' dir='ltr'>in</span> <span class='ocrx_word' id='word_1_155' title='bbox 1511 1771 1663 1828; x_wconf 92' lang='lat' dir='ltr'>lingua</span> <span class='ocrx_word' id='word_1_156' title='bbox 1685 1783 1897 1828; x_wconf 89' lang='lat' dir='ltr'>germana</span> 
     </span>
     <span class='ocr_line' id='line_1_25' title="bbox 462 1831 1897 1887; baseline 0 -13"><span class='ocrx_word' id='word_1_157' title='bbox 462 1831 697 1875; x_wconf 88' lang='lat' dir='ltr'>disiunctio</span> <span class='ocrx_word' id='word_1_158' title='bbox 733 1831 1000 1887; x_wconf 86' lang='lat' dir='ltr'>plerumque</span> <span class='ocrx_word' id='word_1_159' title='bbox 1020 1844 1099 1886; x_wconf 91' lang='lat' dir='ltr'>per</span> <span class='ocrx_word' id='word_1_160' title='bbox 1117 1832 1399 1875; x_wconf 87' lang='lat' dir='ltr'>vernaculam</span> <span class='ocrx_word' id='word_1_161' title='bbox 1423 1832 1563 1885; x_wconf 90' lang='lat' dir='ltr'>„oder</span> <span class='ocrx_word' id='word_1_162' title='bbox 1585 1831 1674 1874; x_wconf 90' lang='lat' dir='ltr'>ob“</span> <span class='ocrx_word' id='word_1_163' title='bbox 1701 1832 1767 1874; x_wconf 91' lang='lat' dir='ltr'>vel</span> <span class='ocrx_word' id='word_1_164' title='bbox 1804 1844 1897 1874; x_wconf 90' lang='lat' dir='ltr'>sae-</span> 
     </span>
     <span class='ocr_line' id='line_1_26' title="bbox 462 1891 1896 1946; baseline 0 -12"><span class='ocrx_word' id='word_1_165' title='bbox 462 1892 563 1946; x_wconf 91' lang='lat' dir='ltr'>pius</span> <span class='ocrx_word' id='word_1_166' title='bbox 587 1891 750 1943; x_wconf 86' lang='lat' dir='ltr'>„oder“</span> <span class='ocrx_word' id='word_1_167' title='bbox 776 1891 1061 1943; x_wconf 92' lang='lat' dir='ltr'>reddebatur,</span> <span class='ocrx_word' id='word_1_168' title='bbox 1079 1892 1148 1935; x_wconf 91' lang='lat' dir='ltr'>cui</span> <span class='ocrx_word' id='word_1_169' title='bbox 1167 1892 1390 1935; x_wconf 90' lang='lat' dir='ltr'>sermonis</span> <span class='ocrx_word' id='word_1_170' title='bbox 1429 1892 1495 1935; x_wconf 95' lang='lat' dir='ltr'>sui</span> <span class='ocrx_word' id='word_1_171' title='bbox 1531 1891 1786 1946; x_wconf 88' lang='lat' dir='ltr'>proprietati</span> <span class='ocrx_word' id='word_1_172' title='bbox 1837 1891 1896 1934; x_wconf 90' lang='lat' dir='ltr'>in-</span> 
     </span>
     <span class='ocr_line' id='line_1_27' title="bbox 461 1950 1898 2007; baseline 0 -13"><span class='ocrx_word' id='word_1_173' title='bbox 461 1951 699 2007; x_wconf 90' lang='lat' dir='ltr'>dulgentes</span> <span class='ocrx_word' id='word_1_174' title='bbox 718 1951 793 1993; x_wconf 91' lang='lat' dir='ltr'>viri</span> <span class='ocrx_word' id='word_1_175' title='bbox 811 1950 928 1994; x_wconf 91' lang='lat' dir='ltr'>docti</span> <span class='ocrx_word' id='word_1_176' title='bbox 964 1952 1194 1995; x_wconf 91' lang='lat' dir='ltr'>notionem</span> <span class='ocrx_word' id='word_1_177' title='bbox 1235 1951 1397 2004; x_wconf 87' lang='lat' dir='ltr'>„oder“</span> <span class='ocrx_word' id='word_1_178' title='bbox 1437 1951 1591 1995; x_wconf 84' lang='lat' dir='ltr'>Latino</span> <span class='ocrx_word' id='word_1_179' title='bbox 1614 1963 1671 1994; x_wconf 91' lang='lat' dir='ltr'>an</span> <span class='ocrx_word' id='word_1_180' title='bbox 1695 1951 1898 2006; x_wconf 76' lang='lat' dir='ltr'>primitus</span> 
     </span>
     <span class='ocr_line' id='line_1_28' title="bbox 460 2010 1897 2067; baseline 0 -14"><span class='ocrx_word' id='word_1_181' title='bbox 460 2012 652 2054; x_wconf 92' lang='lat' dir='ltr'>innatam</span> <span class='ocrx_word' id='word_1_182' title='bbox 686 2010 826 2053; x_wconf 80' lang='lat' dir='ltr'>fuisse</span> <span class='ocrx_word' id='word_1_183' title='bbox 861 2011 1210 2055; x_wconf 88' lang='lat' dir='ltr'>contendebant.</span> <span class='ocrx_word' id='word_1_184' title='bbox 1246 2010 1352 2054; x_wconf 91' lang='lat' dir='ltr'>lnde</span> <span class='ocrx_word' id='word_1_185' title='bbox 1386 2018 1502 2055; x_wconf 91' lang='lat' dir='ltr'>certe</span> <span class='ocrx_word' id='word_1_186' title='bbox 1536 2015 1616 2064; x_wconf 91' lang='lat' dir='ltr'>est,</span> <span class='ocrx_word' id='word_1_187' title='bbox 1652 2010 1780 2067; x_wconf 91' lang='lat' dir='ltr'>quod</span> <span class='ocrx_word' id='word_1_188' title='bbox 1802 2011 1897 2066; x_wconf 93' lang='lat' dir='ltr'>plu-</span> 
     </span>
     <span class='ocr_line' id='line_1_29' title="bbox 460 2070 1897 2128; baseline 0 -14"><span class='ocrx_word' id='word_1_189' title='bbox 460 2071 569 2124; x_wconf 87' lang='lat' dir='ltr'>rimi,</span> <span class='ocrx_word' id='word_1_190' title='bbox 605 2071 680 2115; x_wconf 89' lang='lat' dir='ltr'>ubi</span> <span class='ocrx_word' id='word_1_191' title='bbox 715 2070 1000 2128; x_wconf 89' lang='lat' dir='ltr'>interrogatio</span> <span class='ocrx_word' id='word_1_192' title='bbox 1035 2072 1228 2127; x_wconf 88' lang='lat' dir='ltr'>simplex</span> <span class='ocrx_word' id='word_1_193' title='bbox 1275 2071 1397 2127; x_wconf 94' lang='lat' dir='ltr'>apud</span> <span class='ocrx_word' id='word_1_194' title='bbox 1440 2075 1613 2116; x_wconf 90' lang='lat' dir='ltr'>veteres</span> <span class='ocrx_word' id='word_1_195' title='bbox 1658 2070 1897 2126; x_wconf 88' lang='lat' dir='ltr'>scriptores</span> 
     </span>
     <span class='ocr_line' id='line_1_30' title="bbox 461 2130 1897 2187; baseline -0.001 -13"><span class='ocrx_word' id='word_1_196' title='bbox 461 2131 781 2184; x_wconf 89' lang='lat' dir='ltr'>inveniebatur,</span> <span class='ocrx_word' id='word_1_197' title='bbox 816 2144 914 2174; x_wconf 95' lang='lat' dir='ltr'>eam</span> <span class='ocrx_word' id='word_1_198' title='bbox 937 2130 1056 2174; x_wconf 85' lang='lat' dir='ltr'>baud</span> <span class='ocrx_word' id='word_1_199' title='bbox 1082 2132 1236 2175; x_wconf 89' lang='lat' dir='ltr'>merito</span> <span class='ocrx_word' id='word_1_200' title='bbox 1261 2144 1352 2175; x_wconf 96' lang='lat' dir='ltr'>non</span> <span class='ocrx_word' id='word_1_201' title='bbox 1388 2132 1636 2187; x_wconf 89' lang='lat' dir='ltr'>simplicem</span> <span class='ocrx_word' id='word_1_202' title='bbox 1672 2143 1773 2174; x_wconf 81' lang='lat' dir='ltr'>esse</span> <span class='ocrx_word' id='word_1_203' title='bbox 1798 2144 1897 2174; x_wconf 89' lang='lat' dir='ltr'>cen-</span> 
     </span>
     <span class='ocr_line' id='line_1_31' title="bbox 461 2190 1897 2248; baseline -0.001 -12"><span class='ocrx_word' id='word_1_204' title='bbox 461 2191 633 2245; x_wconf 80' lang='lat' dir='ltr'>sebant,</span> <span class='ocrx_word' id='word_1_205' title='bbox 668 2190 749 2235; x_wconf 92' lang='lat' dir='ltr'>sed</span> <span class='ocrx_word' id='word_1_206' title='bbox 784 2192 1080 2247; x_wconf 88' lang='lat' dir='ltr'>posteriorem</span> <span class='ocrx_word' id='word_1_207' title='bbox 1117 2198 1284 2248; x_wconf 89' lang='lat' dir='ltr'>partem</span> <span class='ocrx_word' id='word_1_208' title='bbox 1321 2191 1609 2236; x_wconf 89' lang='lat' dir='ltr'>disiunctivae</span> <span class='ocrx_word' id='word_1_209' title='bbox 1658 2191 1897 2248; x_wconf 84' lang='lat' dir='ltr'>interroga-</span> 
     </span>
     <span class='ocr_line' id='line_1_32' title="bbox 460 2251 1897 2309; baseline 0 -14"><span class='ocrx_word' id='word_1_210' title='bbox 460 2253 606 2305; x_wconf 90' lang='lat' dir='ltr'>tionis,</span> <span class='ocrx_word' id='word_1_211' title='bbox 642 2252 768 2295; x_wconf 88' lang='lat' dir='ltr'>cuius</span> <span class='ocrx_word' id='word_1_212' title='bbox 803 2252 923 2307; x_wconf 87' lang='lat' dir='ltr'>prior</span> <span class='ocrx_word' id='word_1_213' title='bbox 957 2253 1126 2295; x_wconf 88' lang='lat' dir='ltr'>omissa</span> <span class='ocrx_word' id='word_1_214' title='bbox 1170 2252 1354 2309; x_wconf 90' lang='lat' dir='ltr'>quidem</span> <span class='ocrx_word' id='word_1_215' title='bbox 1390 2259 1522 2305; x_wconf 90' lang='lat' dir='ltr'>esset,</span> <span class='ocrx_word' id='word_1_216' title='bbox 1574 2251 1699 2296; x_wconf 79' lang='lat' dir='ltr'>facile</span> <span class='ocrx_word' id='word_1_217' title='bbox 1751 2258 1897 2295; x_wconf 92' lang='lat' dir='ltr'>tamen</span> 
     </span>
     <span class='ocr_line' id='line_1_33' title="bbox 461 2311 1896 2369; baseline -0.001 -14"><span class='ocrx_word' id='word_1_218' title='bbox 461 2311 731 2369; x_wconf 87' lang='lat' dir='ltr'>cogitatione</span> <span class='ocrx_word' id='word_1_219' title='bbox 765 2311 1049 2369; x_wconf 88' lang='lat' dir='ltr'>subintellegi</span> <span class='ocrx_word' id='word_1_220' title='bbox 1084 2317 1255 2367; x_wconf 85' lang='lat' dir='ltr'>posset.</span> <span class='ocrx_word' id='word_1_221' title='bbox 1290 2312 1644 2369; x_wconf 83' lang='lat' dir='ltr'>interrogativam</span> <span class='ocrx_word' id='word_1_222' title='bbox 1681 2324 1787 2355; x_wconf 92' lang='lat' dir='ltr'>vero</span> <span class='ocrx_word' id='word_1_223' title='bbox 1810 2312 1896 2354; x_wconf 90' lang='lat' dir='ltr'>vim</span> 
     </span>
    </p>
   </div>
   <div class='ocr_carea' id='block_1_5' title="bbox 464 2417 1929 3090">
    <p class='ocr_par' dir='ltr' id='par_1_8' title="bbox 464 2417 1929 3090">
     <span class='ocr_line' id='line_1_34' title="bbox 612 2417 1899 2464; baseline -0.001 -10"><span class='ocrx_word' id='word_1_224' title='bbox 612 2418 636 2460; x_wconf 86' lang='lat'>¹)</span> <span class='ocrx_word' id='word_1_225' title='bbox 667 2417 782 2454; x_wconf 83' lang='lat' dir='ltr'>Hand</span> <span class='ocrx_word' id='word_1_226' title='bbox 815 2417 1076 2455; x_wconf 85' lang='lat' dir='ltr'>»Tursellinus</span> <span class='ocrx_word' id='word_1_227' title='bbox 1104 2429 1172 2454; x_wconf 88' lang='lat' dir='ltr'>seu</span> <span class='ocrx_word' id='word_1_228' title='bbox 1200 2418 1249 2454; x_wconf 93' lang='lat' dir='ltr'>de</span> <span class='ocrx_word' id='word_1_229' title='bbox 1293 2418 1492 2464; x_wconf 89' lang='lat' dir='ltr'>particulis</span> <span class='ocrx_word' id='word_1_230' title='bbox 1521 2417 1662 2454; x_wconf 86' lang='lat' dir='ltr'>Latinis</span> <span class='ocrx_word' id='word_1_231' title='bbox 1702 2427 1899 2453; x_wconf 90' lang='lat' dir='ltr'>commen-</span> 
     </span>
     <span class='ocr_line' id='line_1_35' title="bbox 464 2465 1900 2513; baseline -0.001 -11"><span class='ocrx_word' id='word_1_232' title='bbox 464 2467 570 2502; x_wconf 73' lang='lat' dir='ltr'>tarii«</span> <span class='ocrx_word' id='word_1_233' title='bbox 602 2466 627 2502; x_wconf 90' lang='lat'>1.</span> <span class='ocrx_word' id='word_1_234' title='bbox 656 2476 743 2513; x_wconf 87' lang='lat' dir='ltr'>pag.</span> <span class='ocrx_word' id='word_1_235' title='bbox 770 2466 961 2501; x_wconf 78' lang='lat'>307—310</span> <span class='ocrx_word' id='word_1_236' title='bbox 988 2468 1103 2511; x_wconf 86' lang='lat' dir='ltr'>negat</span> <span class='ocrx_word' id='word_1_237' title='bbox 1130 2477 1176 2502; x_wconf 91' lang='lat' dir='ltr'>an</span> <span class='ocrx_word' id='word_1_238' title='bbox 1205 2467 1242 2502; x_wconf 91' lang='lat' dir='ltr'>in</span> <span class='ocrx_word' id='word_1_239' title='bbox 1270 2466 1394 2512; x_wconf 87' lang='lat' dir='ltr'>priori</span> <span class='ocrx_word' id='word_1_240' title='bbox 1423 2465 1695 2502; x_wconf 90' lang='lat' dir='ltr'>disiunctionis</span> <span class='ocrx_word' id='word_1_241' title='bbox 1723 2465 1900 2501; x_wconf 88' lang='lat' dir='ltr'>membro</span> 
     </span>
     <span class='ocr_line' id='line_1_36' title="bbox 466 2513 1899 2562; baseline 0 -13"><span class='ocrx_word' id='word_1_242' title='bbox 466 2515 555 2562; x_wconf 88' lang='lat' dir='ltr'>poni</span> <span class='ocrx_word' id='word_1_243' title='bbox 586 2525 714 2561; x_wconf 91' lang='lat' dir='ltr'>posse,</span> <span class='ocrx_word' id='word_1_244' title='bbox 743 2513 807 2549; x_wconf 89' lang='lat' dir='ltr'>ubi</span> <span class='ocrx_word' id='word_1_245' title='bbox 834 2524 929 2549; x_wconf 87' lang='lat' dir='ltr'>vero</span> <span class='ocrx_word' id='word_1_246' title='bbox 958 2516 1095 2556; x_wconf 74' lang='lat' dir='ltr'>exstet,</span> <span class='ocrx_word' id='word_1_247' title='bbox 1139 2513 1190 2550; x_wconf 90' lang='lat' dir='ltr'>ibi</span> <span class='ocrx_word' id='word_1_248' title='bbox 1218 2517 1281 2550; x_wconf 91' lang='lat' dir='ltr'>aut</span> <span class='ocrx_word' id='word_1_249' title='bbox 1309 2525 1330 2550; x_wconf 89' lang='lat' dir='ltr'>a</span> <span class='ocrx_word' id='word_1_250' title='bbox 1358 2513 1524 2551; x_wconf 87' lang='lat' dir='ltr'>librariis</span> <span class='ocrx_word' id='word_1_251' title='bbox 1558 2513 1791 2550; x_wconf 88' lang='lat' dir='ltr'>inculcatum</span> <span class='ocrx_word' id='word_1_252' title='bbox 1837 2516 1899 2549; x_wconf 91' lang='lat' dir='ltr'>aut</span> 
     </span>
     <span class='ocr_line' id='line_1_37' title="bbox 465 2559 1901 2609; baseline -0.001 -11"><span class='ocrx_word' id='word_1_253' title='bbox 465 2562 664 2609; x_wconf 87' lang='lat' dir='ltr'>anaphora</span> <span class='ocrx_word' id='word_1_254' title='bbox 692 2562 863 2609; x_wconf 83' lang='lat' dir='ltr'>positum</span> <span class='ocrx_word' id='word_1_255' title='bbox 892 2572 978 2597; x_wconf 92' lang='lat' dir='ltr'>esse</span> <span class='ocrx_word' id='word_1_256' title='bbox 1006 2566 1072 2598; x_wconf 69' lang='lat' dir='ltr'>aut</span> <span class='ocrx_word' id='word_1_257' title='bbox 1099 2563 1268 2608; x_wconf 89' lang='lat' dir='ltr'>denique</span> <span class='ocrx_word' id='word_1_258' title='bbox 1289 2562 1400 2599; x_wconf 92' lang='lat' dir='ltr'>locos</span> <span class='ocrx_word' id='word_1_259' title='bbox 1419 2564 1626 2607; x_wconf 86' lang='lat' dir='ltr'>corruptos</span> <span class='ocrx_word' id='word_1_260' title='bbox 1652 2571 1739 2596; x_wconf 92' lang='lat' dir='ltr'>esse</span> <span class='ocrx_word' id='word_1_261' title='bbox 1757 2559 1901 2596; x_wconf 87' lang='lat' dir='ltr'>haben-</span> 
     </span>
     <span class='ocr_line' id='line_1_38' title="bbox 464 2609 1900 2656; baseline -0.002 -9"><span class='ocrx_word' id='word_1_262' title='bbox 464 2612 548 2647; x_wconf 90' lang='lat' dir='ltr'>dos.</span> <span class='ocrx_word' id='word_1_263' title='bbox 580 2610 685 2647; x_wconf 93' lang='lat' dir='ltr'>ldem</span> <span class='ocrx_word' id='word_1_264' title='bbox 714 2609 974 2646; x_wconf 85' lang='lat' dir='ltr'>Grabenstein</span> <span class='ocrx_word' id='word_1_265' title='bbox 1000 2611 1068 2646; x_wconf 80' lang='lat' dir='ltr'>»de</span> <span class='ocrx_word' id='word_1_266' title='bbox 1097 2610 1447 2656; x_wconf 87' lang='lat' dir='ltr'>interrogationum</span> <span class='ocrx_word' id='word_1_267' title='bbox 1472 2609 1801 2646; x_wconf 89' lang='lat' dir='ltr'>enunciativarum</span> <span class='ocrx_word' id='word_1_268' title='bbox 1819 2620 1900 2645; x_wconf 91' lang='lat' dir='ltr'>·usu</span> 
     </span>
     <span class='ocr_line' id='line_1_39' title="bbox 471 2657 1901 2704; baseline -0.001 -9"><span class='ocrx_word' id='word_1_269' title='bbox 471 2660 714 2695; x_wconf 81' lang='lat' dir='ltr'>Horatiano«</span> <span class='ocrx_word' id='word_1_270' title='bbox 746 2659 847 2694; x_wconf 89' lang='lat' dir='ltr'>Diss.</span> <span class='ocrx_word' id='word_1_271' title='bbox 878 2659 1005 2704; x_wconf 91' lang='lat' dir='ltr'>inaug.</span> <span class='ocrx_word' id='word_1_272' title='bbox 1037 2660 1148 2696; x_wconf 81' lang='lat' dir='ltr'>Halis</span> <span class='ocrx_word' id='word_1_273' title='bbox 1176 2658 1376 2695; x_wconf 90' lang='lat' dir='ltr'>Saxonum</span> <span class='ocrx_word' id='word_1_274' title='bbox 1398 2659 1489 2694; x_wconf 82' lang='lat'>1883</span> <span class='ocrx_word' id='word_1_275' title='bbox 1515 2658 1640 2704; x_wconf 84' lang='lat' dir='ltr'>pag.8</span> <span class='ocrx_word' id='word_1_276' title='bbox 1667 2657 1726 2693; x_wconf 89' lang='lat' dir='ltr'>his</span> <span class='ocrx_word' id='word_1_277' title='bbox 1751 2657 1901 2693; x_wconf 89' lang='lat' dir='ltr'>verbis:</span> 
     </span>
     <span class='ocr_line' id='line_1_40' title="bbox 465 2705 1901 2753; baseline -0.001 -11"><span class='ocrx_word' id='word_1_278' title='bbox 465 2717 677 2753; x_wconf 83' lang='lat' dir='ltr'>numquam</span> <span class='ocrx_word' id='word_1_279' title='bbox 707 2706 811 2753; x_wconf 89' lang='lat' dir='ltr'>prius</span> <span class='ocrx_word' id='word_1_280' title='bbox 833 2707 1150 2751; x_wconf 86' lang='lat' dir='ltr'>interrogationis</span> <span class='ocrx_word' id='word_1_281' title='bbox 1178 2706 1433 2742; x_wconf 88' lang='lat' dir='ltr'>disiunctivae</span> <span class='ocrx_word' id='word_1_282' title='bbox 1462 2705 1683 2741; x_wconf 79' lang='lat' dir='ltr'>membrum</span> <span class='ocrx_word' id='word_1_283' title='bbox 1712 2705 1901 2750; x_wconf 81' lang='lat' dir='ltr'>particula</span> 
     </span>
     <span class='ocr_line' id='line_1_41' title="bbox 466 2752 1929 2803; baseline -0.003 -12"><span class='ocrx_word' id='word_1_284' title='bbox 466 2766 512 2791; x_wconf 87' lang='lat' dir='ltr'>an</span> <span class='ocrx_word' id='word_1_285' title='bbox 541 2754 809 2791; x_wconf 84' lang='lat' dir='ltr'>introducitur.</span> <span class='ocrx_word' id='word_1_286' title='bbox 854 2753 915 2790; x_wconf 79' lang='lat' dir='ltr'>Cf.</span> <span class='ocrx_word' id='word_1_287' title='bbox 945 2764 1043 2800; x_wconf 91' lang='lat' dir='ltr'>quae</span> <span class='ocrx_word' id='word_1_288' title='bbox 1070 2756 1208 2791; x_wconf 79' lang='lat' dir='ltr'>contra</span> <span class='ocrx_word' id='word_1_289' title='bbox 1235 2753 1547 2801; x_wconf 90' lang='lat' dir='ltr'>disputaverunt:</span> <span class='ocrx_word' id='word_1_290' title='bbox 1593 2753 1771 2798; x_wconf 87' lang='lat' dir='ltr'>Draeger</span> <span class='ocrx_word' id='word_1_291' title='bbox 1798 2752 1901 2800; x_wconf 88' lang='lat' dir='ltr'>Synt.</span> <span class='ocrx_word' id='word_1_292' title='bbox 1920 2799 1929 2803; x_wconf 73' lang='lat'>..</span> 
     </span>
     <span class='ocr_line' id='line_1_42' title="bbox 467 2801 1901 2849; baseline -0.001 -11"><span class='ocrx_word' id='word_1_293' title='bbox 467 2804 507 2838; x_wconf 91' lang='lat' dir='ltr'>ll.</span> <span class='ocrx_word' id='word_1_294' title='bbox 538 2813 622 2849; x_wconf 87' lang='lat' dir='ltr'>pag.</span> <span class='ocrx_word' id='word_1_295' title='bbox 650 2803 732 2844; x_wconf 84' lang='lat'><strong>489,</strong></span> <span class='ocrx_word' id='word_1_296' title='bbox 762 2803 887 2838; x_wconf 83' lang='lat' dir='ltr'>Hinze</span> <span class='ocrx_word' id='word_1_297' title='bbox 919 2803 987 2837; x_wconf 82' lang='lat' dir='ltr'>»de</span> <span class='ocrx_word' id='word_1_298' title='bbox 1021 2814 1067 2838; x_wconf 89' lang='lat' dir='ltr'>an</span> <span class='ocrx_word' id='word_1_299' title='bbox 1126 2803 1308 2839; x_wconf 68' lang='lat' dir='ltr'>aniculae</span> <span class='ocrx_word' id='word_1_300' title='bbox 1351 2802 1454 2848; x_wconf 87' lang='lat' dir='ltr'>apud</span> <span class='ocrx_word' id='word_1_301' title='bbox 1495 2802 1647 2846; x_wconf 88' lang='lat' dir='ltr'>priscos</span> <span class='ocrx_word' id='word_1_302' title='bbox 1690 2801 1901 2846; x_wconf 84' lang='lat' dir='ltr'>scriptores</span> 
     </span>
     <span class='ocr_line' id='line_1_43' title="bbox 466 2814 1901 2895; baseline 0 -10"><span class='ocrx_word' id='word_1_303' title='bbox 466 2851 622 2886; x_wconf 85' lang='lat' dir='ltr'>Latinos</span> <span class='ocrx_word' id='word_1_304' title='bbox 647 2851 683 2886; x_wconf 91' lang='lat' dir='ltr'>vi</span> <span class='ocrx_word' id='word_1_305' title='bbox 713 2852 749 2884; x_wconf 89' lang='lat' dir='ltr'>et</span> <span class='ocrx_word' id='word_1_306' title='bbox 777 2860 869 2885; x_wconf 78' lang='lat' dir='ltr'>usu«</span> <span class='ocrx_word' id='word_1_307' title='bbox 909 2849 1041 2895; x_wconf 81' lang='lat' dir='ltr'>Progr.</span> <span class='ocrx_word' id='word_1_308' title='bbox 1087 2814 1370 2895; x_wconf 58' lang='lat' dir='ltr'>grandenburg</span> <span class='ocrx_word' id='word_1_309' title='bbox 1418 2849 1505 2884; x_wconf 85' lang='grc'>1887</span> <span class='ocrx_word' id='word_1_310' title='bbox 1536 2858 1619 2895; x_wconf 78' lang='lat' dir='ltr'>pag.</span> <span class='ocrx_word' id='word_1_311' title='bbox 1669 2849 1709 2882; x_wconf 84' lang='lat'>15</span> <span class='ocrx_word' id='word_1_312' title='bbox 1738 2858 1792 2893; x_wconf 70' lang='lat' dir='ltr'>sq.</span> <span class='ocrx_word' id='word_1_313' title='bbox 1838 2848 1901 2884; x_wconf 85' lang='lat' dir='ltr'>ubi</span> 
     </span>
     <span class='ocr_line' id='line_1_44' title="bbox 466 2894 1903 2947; baseline -0.001 -12"><span class='ocrx_word' id='word_1_314' title='bbox 466 2899 645 2947; x_wconf 71' lang='lat' dir='ltr'>exempla</span> <span class='ocrx_word' id='word_1_315' title='bbox 673 2910 692 2934; x_wconf 93' lang='lat' dir='ltr'>e</span> <span class='ocrx_word' id='word_1_316' title='bbox 722 2899 856 2945; x_wconf 75' lang='lat' dir='ltr'>priscis</span> <span class='ocrx_word' id='word_1_317' title='bbox 884 2897 1139 2946; x_wconf 82' lang='lat' dir='ltr'>scriptoribus</span> <span class='ocrx_word' id='word_1_318' title='bbox 1166 2898 1307 2936; x_wconf 84' lang='lat' dir='ltr'>collata</span> <span class='ocrx_word' id='word_1_319' title='bbox 1334 2900 1432 2934; x_wconf 82' lang='lat' dir='ltr'>sunt.</span> <span class='ocrx_word' id='word_1_320' title='bbox 1461 2895 1585 2935; x_wconf 78' lang='lat' dir='ltr'>Krebs</span> <span class='ocrx_word' id='word_1_321' title='bbox 1619 2894 1798 2933; x_wconf 87' lang='lat' dir='ltr'>Schmalz</span> <span class='ocrx_word' id='word_1_322' title='bbox 1827 2897 1903 2933; x_wconf 80' lang='lat' dir='ltr'>An-</span> 
     </span>
     <span class='ocr_line' id='line_1_45' title="bbox 466 2945 1900 2989; baseline 0 -7"><span class='ocrx_word' id='word_1_323' title='bbox 466 2948 682 2983; x_wconf 66' lang='lat' dir='ltr'>tibarbarus</span> <span class='ocrx_word' id='word_1_324' title='bbox 710 2948 758 2983; x_wconf 92' lang='lat' dir='ltr'>ed</span> <span class='ocrx_word' id='word_1_325' title='bbox 799 2948 830 2982; x_wconf 89' lang='lat'>7.</span> <span class='ocrx_word' id='word_1_326' title='bbox 860 2950 883 2984; x_wconf 85' lang='lat' dir='ltr'>t.</span> <span class='ocrx_word' id='word_1_327' title='bbox 914 2947 938 2983; x_wconf 92' lang='lat' dir='ltr'>l.</span> <span class='ocrx_word' id='word_1_328' title='bbox 979 2947 1102 2989; x_wconf 66' lang='lat'><strong>(1905)</strong></span> <span class='ocrx_word' id='word_1_329' title='bbox 1133 2947 1204 2982; x_wconf 76' lang='lat' dir='ltr'>sub</span> <span class='ocrx_word' id='word_1_330' title='bbox 1246 2958 1282 2983; x_wconf 94' lang='lat' dir='ltr'>v.</span> <span class='ocrx_word' id='word_1_331' title='bbox 1309 2958 1356 2983; x_wconf 91' lang='lat' dir='ltr'>an</span> <span class='ocrx_word' id='word_1_332' title='bbox 1385 2945 1511 2982; x_wconf 80' lang='lat' dir='ltr'>affirm</span> <span class='ocrx_word' id='word_1_333' title='bbox 1528 2948 1552 2980; x_wconf 72' lang='lat' dir='ltr'>tt</span> <span class='ocrx_word' id='word_1_334' title='bbox 1593 2955 1670 2980; x_wconf 91' lang='lat' dir='ltr'>non</span> <span class='ocrx_word' id='word_1_335' title='bbox 1719 2945 1900 2982; x_wconf 89' lang='lat' dir='ltr'>usitatum</span> 
     </span>
     <span class='ocr_line' id='line_1_46' title="bbox 468 2993 1901 3043; baseline -0.001 -12"><span class='ocrx_word' id='word_1_336' title='bbox 468 3006 554 3031; x_wconf 88' lang='lat' dir='ltr'>esse</span> <span class='ocrx_word' id='word_1_337' title='bbox 581 3006 627 3031; x_wconf 91' lang='lat' dir='ltr'>an</span> <span class='ocrx_word' id='word_1_338' title='bbox 656 2995 864 3037; x_wconf 78' lang='lat' dir='ltr'>veteribus,</span> <span class='ocrx_word' id='word_1_339' title='bbox 892 2995 962 3031; x_wconf 91' lang='lat' dir='ltr'>sed</span> <span class='ocrx_word' id='word_1_340' title='bbox 995 2995 1098 3042; x_wconf 89' lang='lat' dir='ltr'>apud</span> <span class='ocrx_word' id='word_1_341' title='bbox 1134 2995 1368 3043; x_wconf 88' lang='lat' dir='ltr'>posteriores</span> <span class='ocrx_word' id='word_1_342' title='bbox 1396 2994 1554 3030; x_wconf 92' lang='lat' dir='ltr'>demum</span> <span class='ocrx_word' id='word_1_343' title='bbox 1592 2993 1771 3035; x_wconf 86' lang='lat' dir='ltr'>inveniri;</span> <span class='ocrx_word' id='word_1_344' title='bbox 1799 2994 1901 3030; x_wconf 92' lang='lat' dir='ltr'>idem</span> 
     </span>
     <span class='ocr_line' id='line_1_47' title="bbox 470 3043 1023 3090; baseline -0.002 -10"><span class='ocrx_word' id='word_1_345' title='bbox 470 3043 649 3081; x_wconf 90' lang='lat' dir='ltr'>Schmalz</span> <span class='ocrx_word' id='word_1_346' title='bbox 677 3043 824 3090; x_wconf 82' lang='lat' dir='ltr'>Syntax</span> <span class='ocrx_word' id='word_1_347' title='bbox 842 3043 855 3065; x_wconf 83' lang='lat'><strong>³</strong></span> <span class='ocrx_word' id='word_1_348' title='bbox 881 3043 915 3090; x_wconf 70' lang='lat'>§-</span> <span class='ocrx_word' id='word_1_349' title='bbox 942 3043 1023 3080; x_wconf 87' lang='lat'>273.</span> 
     </span>
    </p>
   </div>
   <div class='ocr_carea' id='block_1_6' title="bbox 2059 0 2108 3405">
    <p class='ocr_par' dir='ltr' id='par_1_9' title="bbox 2059 0 2108 3405">
     <span class='ocr_line' id='line_1_48' title="bbox 2059 0 2108 3405; baseline 0 0"><span class='ocrx_word' id='word_1_350' title='bbox 2059 0 2108 3405; x_wconf 95' lang='lat' dir='ltr'> </span> 
     </span>
    </p>
   </div>
  </div>
 </body>
</html>
