2108 3405
497 383 581 440 An·

591 414 597 418 -
615 384 685 439 xl,
707 386 777 430 38:

499 497 614 549 Hist.
646 498 680 570 l,
706 506 777 549 69:

497 624 580 668 An.

496 802 580 848 An.

499 924 610 979 Hist.
634 924 697 979 lll,
721 925 792 968 66:

499 1104 610 1173 Hist.
658 1104 703 1158 ΙΙ,
751 1106 789 1148 7:

497 1225 581 1268 An.
597 1190 674 1278 λΧΙ,
708 1226 778 1268 36:

498 1345 581 1389 An.
607 1345 676 1398 lv,
709 1346 780 1388 40:

615 625 684 679 iv,
708 627 778 669 34.

630 804 658 858 l,
706 805 778 847 62.

498 1467 614 1511 Dial.
676 1468 733 1510 32
752 1480 761 1509 :

497 1659 580 1703 An.
600 1659 795 1713 Xlll,4l:

500 1719 610 1763 l-list.
647 1719 675 1772 l,
709 1721 780 1762 47:

500 1841 611 1884 Hist.
633 1840 702 1894 lV,
721 1841 792 1884 86:

496 1961 580 2006 Αη.
600 1961 692 2015 XV,
712 1962 782 2005 36:

499 2083 610 2127 Hist.
645 2083 675 2136 l,·
707 2083 778 2126 81:

495 2276 578 2320 An.
597 2276 684 2330 ΧΙΙ,
702 2277 774 2319 64:

495 2395 579 2439 Αη.

494 2516 578 2560 Αη.

495 2696 578 2742 Αη.

495 2817 578 2861 An.

614 2396 718 2449 Xlll,
740 2397 781 2438 6:

615 2517 678 2570 ΙΙΙ,
717 2519 782 2559 14;

613 2697 683 2751 vl,
707 2699 777 2741 44:

614 2817 659 2861 ll.
709 2819 781 2860 46:

1099 237 1333 275 -16-

797 385 984 442 perisse
1011 385 1321 441 Messalinam,-
1355 397 1475 431 non
1500 384 1709 430 distincto
1741 396 1825 429 sua
1875 395 1932 430 an

816 445 959 491 aliena
993 458 1141 500 manu.
1191 474 1194 476 -
1250 474 1256 477 „

813 503 950 549 haud
966 496 1092 560 facile
1125 505 1246 553 dictu
1277 510 1372 560 est,
1390 476 1521 564 legati
1555 506 1713 550 minus
1735 504 1935 561 placabi-

787 564 902 608 lem
937 555 1252 621 imperatorem
1284 578 1346 611 an
1373 566 1554 612 militem
1586 565 1844 611 invenerint.

811 624 896 668 sed
927 625 1027 681 ipse
1060 625 1193 670 divus
1224 625 1372 680 lulius,
1404 626 1505 683 ipse
1535 626 1668 671 divus
1697 625 1935 684 Augustus,

814 688 856 728 et
887 684 1024 729 tulere
1056 684 1138 730 ista
1168 689 1211 730 et
1241 685 1476 756 reliquere,
1508 685 1630 732 haud
1647 684 1773 732 facile
1806 686 1931 732 dixe-

815 744 911 798 rim,
943 745 1253 790 moderatione
1285 746 1431 804 magis
1462 758 1520 792 an
1552 746 1784 803 sapientia.

813 803 938 849 nullo
970 808 1204 859 noscente,
1237 804 1404 850 alienas
1436 805 1644 863 reliquias
1666 818 1722 850 an
1740 818 1927 853 suorum

815 862 957 908 humo
988 868 1172 922 tegeret

816 923 861 968 id
895 923 1046 968 solum
1082 924 1260 978 referre,
1295 909 1592 970 novissimum
1614 925 1814 982 spiritum
1857 939 1938 981 per

816 984 1057 1029 ludibrium
1093 990 1135 1029 et
1168 985 1463 1034 contumelias
1507 984 1737 1031 effundant
1769 998 1823 1030 an
1858 999 1938 1043 per

816 1045 1033 1089 virtutem.

825 1117 909 1149 nec
942 1104 1116 1159 referre,
1150 1104 1371 1157 Vitellium
1418 1117 1474 1150 an
1509 1104 1746 1151 Othonem
1781 1118 1937 1163 super-

816 1165 960 1208 stitem
991 1164 1168 1209 fortuna
1200 1155 1378 1209 faceret.

813 1228 978 1280 sponte
1011 1238 1067 1268 an
1099 1229 1283 1269 coactus
1315 1229 1403 1269 tam
1439 1237 1605 1282 magna
1639 1226 1932 1281 peccavisset,

819 1283 921 1328 nihil
956 1284 1131 1330 referre.

815 1357 956 1401 posse
1002 1345 1146 1401 ipsam
1193 1345 1356 1389 Liviam
1409 1349 1612 1400 statuere,
1667 1345 1935 1391 nubendum

817 1417 873 1449 an
906 1405 949 1450 in
982 1405 1221 1462 penatibus
1244 1405 1403 1450 iisdem
1424 1405 1707 1458 tolerandum
1736 1404 1933 1451 haberet.

814 1467 1048 1523 longeque
1080 1466 1296 1510 interesse
1330 1465 1612 1511 manifestum
1658 1471 1738 1521 est,
1788 1467 1934 1524 possi-

821 1526 923 1571 deat
955 1526 1071 1583 quis,
1106 1538 1222 1583 quae
1256 1525 1437 1583 profert,
1469 1538 1525 1571 an
1560 1530 1795 1572 mutuetur.

1048 1598 1097 1652 b)
1130 1598 1387 1643 adiectivis:

817 1657 940 1702 Medi
974 1671 1030 1702 an
1063 1657 1222 1703 Albani
1257 1662 1525 1715 peterentur,
1558 1659 1788 1705 incertum.

814 1718 1042 1762 omisisset
1074 1717 1273 1762 offensas
1318 1731 1374 1762 an
1420 1718 1674 1773 distulisset,
1727 1719 1936 1763 brevitate

817 1778 988 1835 imperii
1022 1778 1065 1823 in
1098 1778 1267 1824 incerto
1300 1777 1390 1824 fuit.
1435 1825 1438 1831 ,

815 1852 905 1896 qua
947 1839 1218 1896 cogitatione
1272 1839 1440 1884 bellum
1489 1839 1711 1884 adversus
1763 1838 1938 1883 fratrem

815 1899 1040 1957 agitaverit
1072 1911 1127 1943 an
1160 1911 1277 1956 opes
1308 1899 1533 1957 viresque,
1566 1899 1609 1945 in
1642 1900 1809 1944 incerto
1849 1899 1938 1943 fuit.

816 1964 997 2005 senatus
1030 1964 1072 2004 et
1099 1960 1320 2016 primores
1353 1960 1396 2005 in
1430 1960 1599 2006 incerto
1645 1965 1780 2015 erant,
1833 1973 1939 2018 pro-

815 2021 885 2065 cul
918 2033 974 2065 an
1007 2033 1159 2065 coram
1193 2021 1384 2065 atrocior
1416 2019 1668 2065 haberetur.

811 2081 986 2138 trepidi,
1020 2093 1201 2126 manere
1248 2094 1300 2126 ac
1349 2079 1629 2138 deprehendi
1679 2094 1735 2125 an
1780 2080 1939 2140 fugere

814 2147 855 2186 et
889 2142 1089 2199 dispergi
1124 2142 1422 2198 periculosius
1454 2141 1581 2187 foret.

1021 2214 1065 2268 c)
1099 2213 1410 2260 substantivis:

809 2275 1041 2319 enimvero
1075 2279 1299 2319 certamen
1346 2274 1625 2328 acerrimum,
1675 2274 1806 2319 amita
1855 2287 1938 2331 po-

815 2335 900 2379 tius
933 2347 990 2379 an
1023 2339 1161 2379 mater
1193 2334 1316 2390 apud
1365 2333 1598 2379 Neronem
1648 2334 1936 2391 praevaleret.

817 2395 1022 2438 daturum
1058 2395 1191 2451 plane
1243 2395 1567 2438 documentum
1621 2393 1824 2438 honestis
1877 2407 1932 2437 an

815 2467 949 2500 secus
981 2454 1135 2501 amicis
1168 2458 1372 2500 uteretur.

817 2516 941 2560 vario
974 2528 1170 2568 rumore,
1204 2520 1359 2559 custos
1400 2516 1524 2559 saluti
1559 2528 1615 2558 an
1649 2515 1802 2559 mortis
1835 2527 1935 2557 exa-

815 2579 910 2622 ctor
942 2579 1218 2635 sequeretur.

861 2637 908 2691 d)
942 2637 1248 2682 locutionibus
1280 2637 1570 2694 quibusdam:

813 2709 915 2741 curn
950 2696 1165 2741 Tiridates
1198 2695 1377 2741 distrahi
1412 2695 1625 2749 consiliis,
1669 2695 1747 2738 iret
1780 2699 1934 2739 contra

814 2770 870 2801 an
906 2757 1073 2802 bellurn
1107 2757 1387 2802 cunctatione
1419 2760 1630 2801 tractaret.

816 2818 943 2874 quod
978 2818 1181 2874 ipsorum
1217 2817 1259 2860 in
1294 2828 1429 2860 manu
1463 2817 1530 2869 sit,
1584 2816 1805 2871 integrum
1841 2815 1932 2859 bel-

814 2877 905 2922 lum
939 2889 994 2922 an
1028 2889 1188 2935 pacem
1222 2877 1497 2922 incruentam
1532 2874 1696 2919 malint.

497 2939 608 2984 Hist.
629 2939 698 2994 lV,
722 2941 790 2983 17:
815 2937 1093 2994 cohortibus,
1126 2938 1249 2984 abire
1282 2951 1338 2983 an
1373 2949 1556 2982 manere
1591 2935 1784 2991 mallent,
1834 2936 1933 2982 data

815 3003 1048 3058 potestate.
