2108 3405
1076 223 1309 256 -14—

477 370 590 413 Hist.
625 369 652 422 l,
686 370 757 412 50:
791 366 926 470 Nlunc
959 380 1043 423 pro
1078 366 1265 413 Othone
1296 381 1353 412 an
1387 380 1471 424 pro
1505 368 1678 413 Vitellio
1726 369 1769 413 in
1797 374 1905 414 tem·

793 439 822 483 p
841 440 866 471 a
898 427 1068 472 ituros?

476 488 556 532 An.
603 487 672 541 Vl,
707 489 758 531 2:
794 486 844 531 Et
876 486 1131 533 honoribus
1165 487 1426 544 perfunctos
1464 501 1520 533 an
1569 488 1770 546 iuvenes,
1821 490 1908 546 pri-

792 551 921 592 vatos
952 561 1009 592 an
1042 561 1066 592 e
1101 548 1453 606 magistratibus?
1472 548 1553 600 (sc.
1588 550 1725 594 omitti
1748 562 1804 594 an
1828 550 1905 594 de-

793 608 868 666 ligi
903 608 1065 665 posse)

474 666 556 711 An.
576 666 687 721 XVl,
703 668 776 711 28:
794 668 959 713 Pacem
992 668 1048 713 illi
1094 681 1175 725 per
1207 669 1368 714 orbem
1399 673 1539 714 terrae
1591 682 1647 714 an
1699 670 1904 715 victorias

792 728 889 772 sine
923 728 1092 773 damno
1125 729 1399 773 exercituum
1433 730 1698 786 displicere?

474 787 557 831 An.
577 787 688 841 XlV,
718 790 754 831 1:
789 786 883 833 Cur
915 788 1033 833 enim
1087 788 1248 833 differri
1293 789 1470 846 nuptias
1522 792 1652 835 suas?
1705 790 1912 835 Formam

795 848 960 892 scilicet
991 848 1229 904 displicere
1280 853 1322 892 et
1352 849 1644 905 triumphales
1676 863 1802 903 avos,
1857 863 1913 893 an

793 906 1110 952 fecunditatem
1151 912 1193 952 et
1244 919 1400 952 verum
1452 908 1677 954 animum?
1739 909 1914 963 Timeri,

796 982 853 1013 ne
886 981 1000 1013 uxor
1032 969 1188 1013 saltem
1222 970 1400 1013 iniurias
1435 974 1625 1025 patrum,
1675 971 1782 1014 iram
1833 984 1914 1027 po-

797 1028 888 1086 puli
921 1027 1140 1073 adversus
1174 1028 1434 1086 superbiam
1476 1029 1802 1088 avaritiamque,
1826 1042 1915 1075 ma-

796 1090 871 1134 tris
904 1090 1083 1146 aperiat.

623 1151 681 1195 lta
713 1150 971 1208 Draegerus
1005 1150 1097 1205 (ed.
1132 1150 1205 1204 Ν)
1239 1155 1282 1194 et
1314 1151 1435 1195 multi
1468 1150 1536 1194 alii
1570 1151 1780 1196 editores.
1830 1150 1915 1195 Ali-

477 1217 542 1256 ter
575 1212 769 1256 distinxit
801 1210 1138 1267 Nipperdeyus.
1173 1210 1371 1255 Affirmat
1418 1212 1536 1255 enim
1571 1212 1626 1255 ita
1658 1212 1808 1256 locum
1858 1212 1917 1256 le-

481 1271 683 1329 gendum
716 1283 833 1324 esse,
859 1274 903 1314 ut
924 1270 1278 1327 interrogationi:
1302 1269 1423 1324 „Cur
1439 1271 1662 1315 enim....?“
1690 1272 1914 1327 proxima:

486 1332 719 1385 „Formam
753 1330 918 1375 scilicet
950 1334 992 1374 et
1023 1329 1315 1386 triumphales
1348 1332 1485 1375 avos“
1504 1330 1827 1387 respondeant,
1860 1344 1915 1375 an

481 1404 589 1436 vero
621 1391 800 1434 alteram
835 1390 1070 1434 constituat
1103 1390 1512 1447 interrogationem,
1537 1391 1607 1435 cui
1630 1392 1787 1434 iterum
1810 1391 1917 1435 sub—

482 1464 682 1510 sequens
716 1450 1020 1495 enunciatum:
1060 1449 1261 1504 „Timeri,
1295 1450 1422 1495 ne...“
1460 1451 1748 1507 respondeat.
1794 1451 1916 1495 idem

483 1511 774 1565 Olbrichtius,
809 1511 884 1569 qui
919 1522 1101 1555 summo
1134 1511 1339 1555 acumine
1372 1511 1678 1556 animadvertit
1699 1511 1729 1567 ²)
1754 1524 1916 1556 vocem

486 1573 719 1628 „scilicet“‚
754 1584 856 1616 curn
890 1572 933 1615 in
967 1572 1045 1625 eis,
1080 1583 1196 1628 quae
1228 1583 1331 1615 cum
1378 1571 1517 1616 ironia
1550 1572 1746 1629 quadarn
1781 1585 1916 1628 pron—

490 1633 767 1687 nuncientur,
813 1632 1047 1689 responsis
1101 1630 1262 1675 habeat
1314 1631 1529 1686 locum,²)
1563 1632 1686 1689 apud
1750 1633 1917 1676 nullum

483 1695 746 1750 scriptorem
780 1693 861 1736 nisi
894 1693 1019 1748 apud
1051 1691 1304 1735 Terentium
1328 1692 1438 1736 Eun.
1474 1695 1515 1745 2,
1549 1694 1591 1746 3,
1624 1695 1680 1737 54
1714 1693 1912 1737 inveniri.

482 1755 631 1810 ltaque
665 1753 779 1796 duas
813 1751 1036 1796 habemus
1069 1752 1439 1808 interrogationes
1473 1752 1715 1808 simplices,
1750 1752 1916 1809 quibus

483 1827 564 1859 sua
597 1826 677 1871 per
709 1812 895 1857 ironiam
931 1811 1045 1857 dicta
1077 1811 1310 1856 enunciata
1342 1812 1646 1869 respondent:
1681 1810 1774 1857 Cur
1796 1812 1914 1856 enim

484 1874 645 1918 differri
700 1872 875 1928 nuptias
929 1874 1064 1915 suas?
1115 1871 1323 1915 Formam
1377 1873 1542 1916 scilicet
1592 1873 1828 1928 displicere
1881 1877 1923 1916 et

483 1932 775 1992 triumphales
808 1934 946 1977 avos!
982 1930 1282 1987 (Naturalniel
1317 1931 1402 1976 Nie
1426 1932 1619 1990 podoba
1651 1932 1715 1988 sie
1720 1968 1789 1977 .....
1794 1932 1824 1988 ).
1850 1931 1918 1977 Αη

484 1995 800 2039 fecunditatem
834 1998 876 2037 et
908 2005 1063 2036 verum
1098 1993 1326 2036 animum?
1359 1991 1534 2046 Timeri,
1580 2006 1636 2036 ne
1671 2004 1784 2037 uxor
1788 2028 1889 2037 .......

1020 2088 1383 2132 lndirectae.

628 2173 877 2219 Adiunctae
911 2178 1035 2217 sunt:

1061 2233 1103 2287 a)
1137 2232 1313 2277 verbis:

1061 2294 1108 2349 α)
1144 2293 1467 2351 interrogandi;

484 2369 596 2412 Hist.
632 2368 659 2421 l,
698 2369 762 2411 17:
798 2365 1110 2411 Consultatum
1145 2365 1264 2419 inde,
1299 2377 1382 2421 pro
1416 2365 1568 2409 rostris
1600 2377 1656 2408 an
1678 2365 1721 2408 in
1744 2369 1914 2417 senatu,

801 2439 856 2470 an
890 2426 933 2470 in
957 2426 1108 2471 castris
1141 2426 1329 2482 adoptio
1363 2429 1705 2479 nuncuparetur.

486 2489 597 2533 Hist.
623 2489 668 2542 ll,
691 2489 761 2531 31:
799 2485 925 2531 Otho
959 2486 1236 2539 consultavit,
1269 2484 1378 2530 trahi
1416 2485 1584 2530 bellum
1617 2497 1673 2529 an
1695 2484 1917 2530 fortunam

804 2547 991 2604 experiri
1024 2546 1238 2603 placeret.

487 2611 598 2655 Hist.
619 2605 688 2663 Ν,
713 2610 784 2653 67:
808 2615 853 2652 ut
916 2607 1063 2651 missis
1123 2606 1280 2664 legatis
1324 2606 1366 2650 in
1413 2617 1657 2650 commune
1703 2605 1921 2649 consulta-

714 2711 717 2714 ,
804 2673 912 2723 rent,
946 2667 1123 2713 libertas
1157 2681 1212 2712 an
1247 2680 1337 2724 pax
1368 2667 1574 2724 placeret.

484 2732 567 2777 An.
614 2731 643 2786 l,
690 2731 771 2775 50:
806 2729 1133 2787 consultatque,
1180 2741 1237 2772 ex
1268 2728 1455 2773 duobus
1506 2726 1734 2772 itineribus
1786 2726 1923 2771 breve

790 2793 846 2834 'et
894 2790 1072 2834 solitum
1122 2792 1334 2847 sequatur
1364 2801 1422 2833 an
1455 2787 1714 2845 impeditius
1768 2792 1809 2832 et
1859 2788 1920 2832 in-

804 2854 1066 2907 temptatum
1100 2861 1252 2907 eoque
1285 2848 1493 2894 hostibus
1526 2848 1765 2892 incautum.

634 2947 662 2990 ¹)
690 2956 777 2994 pag.
804 2945 864 2982 33.

631 2995 662 3041 ²)
690 2993 740 3034 cf.
768 2993 928 3034 Kiihner
954 2993 992 3031 ll.
1019 3002 1109 3041 pag.
1140 2992 1241 3038 1024,
1268 2990 1305 3041 ἓ.
1330 2990 1411 3037 236,
1439 2990 1479 3029 b.
