2108 3405
688 246 922 285 ..21-

785 396 826 440 3.

498 475 780 525 Substantiva
812 483 854 524 et
886 479 1123 537 participia.

95 568 204 612 Hist.
230 566 257 619 l,
301 567 372 609 28:
407 564 443 608 is
478 563 785 620 magnitudine
810 563 951 608 subiti
985 563 1167 619 sceleris
1215 576 1270 607 an
1315 568 1523 619 corrupta

409 623 534 685 latius
566 627 707 667 castra
739 628 794 677 et,
828 623 863 667 si
897 617 1052 667 contra
1082 624 1297 675 tenderet,
1344 623 1522 666 exitium

410 686 629 737 metuens,
685 683 887 739 praebuit
932 682 1159 740 plerisque
1213 683 1521 739 suspicionem

412 744 724 788 conscientiae.

237 804 375 850 Plena
405 803 619 849 sententia
650 803 706 848 ita
738 802 949 849 sehabet.
989 803 1050 858 „is
1074 801 1183 848 slve
1217 803 1525 873 magnitudine

95 867 224 913 subiti
259 865 438 910 sceleris
471 863 580 909 sive
614 869 821 921 corrupta
854 864 979 908 latius
1012 868 1152 909 castra
1184 868 1239 918 et,
1285 865 1320 908 si
1370 869 1523 909 contra

94 927 310 981 tenderet,
339 925 517 969 exitium
552 929 769 978 metuens,
804 924 1006 981 praebuit
1048 924 1275 1003 plerisque
1308 925 1527 981 suspicio-

97 1000 197 1032 nem
233 985 575 1030 conscientiae&

96 1051 178 1103 Ᾱη
213 1058 258 1111 ll,
292 1059 374 1101 22:
410 1056 467 1101 de
500 1069 550 1100 se
584 1055 685 1100 nihil
720 1056 904 1110 addidit,
940 1061 1060 1100 metu
1093 1056 1283 1100 invidiae
1316 1069 1372 1100 an
1407 1062 1527 1101 ratus

411 1117 730 1162 conscientiam
765 1116 861 1161 lacti
895 1117 998 1161 satis
1032 1130 1179 1161 esse...

241 1188 521 1234 Parenthesis
555 1189 796 1246 explicatur
813 1188 902 1234 hoc
921 1189 1099 1234 modoz‘
1125 1189 1208 1243 „de
1242 1202 1292 1233 se
1325 1188 1427 1233 nihil
1453 1189 1529 1234 ad·

101 1252 221 1305 didit,
256 1255 375 1329 muetu
408 1250 598 1294 invidiae
632 1250 721 1294 aut
752 1254 869 1293 ratus
913 1250 1232 1294 conscientiam
1277 1249 1374 1294 facti
1420 1250 1529 1293 satis

100 1325 269 1415 {siff-ll.-
296 1372 378 1415 38:
413 1370 528 1439 siluit
561 1370 771 1414 Hortalus
818 1383 987 1427 pavore
1021 1384 1075 1414 an
1110 1371 1248 1414 avitae
1294 1371 1531 1415 nobilitatis

100 1491 182 1536 An.
207 1491 299 1545 XV,
319 1493 389 1534 56:
417 1434 735 1547 Γίῗιῒιιῑῗρέἒὲηίῐο
764 1489 932 1534 Natalis
955 1491 1120 1534 indicio
1154 1490 1397 1534 Scaevinus
1420 1503 1532 1547 quo-

419 1563 509 1607 que
542 1551 634 1606 pari
668 1550 961 1595 imbecillitate
993 1563 1049 1595 an
1082 1555 1240 1595 cuncta
1284 1551 1369 1595 iam
1415 1555 1534 1607 pate-

415 1610 527 1654 facta
560 1611 751 1654 credens
785 1624 870 1654 nec
902 1612 1039 1654 ullum
1063 1612 1218 1655 silentii
1253 1611 1532 1656 emolumen-

416 1675 524 1724 tum,
558 1670 696 1714 edidit
729 1675 915 1715 ceteros.

102 1742 212 1785 Hist.
238 1742 396 1795 1V‚66:
420 1742 548 1785 simul
584 1740 750 1795 Civilis,
784 1755 921 1786 ausus
968 1755 1023 1785 an
1057 1755 1112 1786 ex
1155 1743 1427 1798 composito,
1473 1743 1534 1786 in-

416 1802 508 1846 tulit
540 1815 590 1845 se
622 1802 803 1859 agmini.

102 1872 184 1917 An.
220 1874 265 1928 ll,
298 1875 381 1917 67:
418 1872 723 1930 Rhecusporis
768 1873 1080 1918 Alexandriam
1135 1875 1349 1918 devectus
1401 1879 1534 1931 atque

417 1934 502 2037 {llic
532 1933 686 1991 fugam
719 1939 942 1991 temptans
975 1948 1030 1979 an
1062 1934 1167 1979 ficto
1200 1935 1383 1979 crimine
1406 1935 1531 1978 inter·

101 2052 182 2097 An.
205 2054 298 2107 XV,
322 2056 392 2098 69:
418 1998 575 2099 clglribltra
608 2068 665 2099 eo
700 2055 772 2098 die
819 2055 968 2099 munia
1020 2055 1220 2099 consulis
1274 2055 1535 2111 impleverat

417 2115 766 2171 conviviumque
819 2115 1087 2168 celebrabat,
1160 2114 1262 2159 nihil
1330 2120 1533 2159 metuens

416 2186 471 2217 an
506 2174 832 2218 dissimulando
867 2179 998 2218 metu.

104 2244 246 2296 „Nihil
282 2251 485 2289 metuens
519 2259 574 2291 an
609 2246 936 2290 dissimulando
972 2248 1115 2290 metu“
1146 2246 1310 2289 dictum
1345 2252 1411 2291 est
1432 2258 1531 2301 pro:

101 2303 239 2357 „sive
273 2306 401 2385 q‘uod
447 2305 548 2349 nihil
586 2306 813 2350 metuebat
846 2304 954 2349 sive
1004 2307 1130 2363 quod
1186 2310 1351 2348 metum
1408 2306 1535 2348 dissi-

100 2365 474 2483 mulabggriidpia
507 2427 634 2484 igitur
667 2427 709 2471 in
755 2427 1178 2484 interrogationibus
1222 2426 1408 2470 laudatis
1451 2439 1533 2482 po-

99 2485 178 2529 sita
211 2491 312 2531 sunt
346 2500 430 2544 pro
465 2488 682 2532 universis
715 2487 959 2532 enunciatis
991 2487 1260 2532 causalibus.

794 2587 834 2628 4.

98 2664 430 2712 Substantivum
446 2673 518 2713 aut
533 2668 810 2725 participium
828 2672 869 2712 et
884 2668 1090 2717 universa
1105 2668 1356 2713 enunciatio
1373 2667 1530 2713 finalis.

96 2761 178 2806 An.
214 2763 283 2817 lV,
323 2766 372 2807 8:
407 2769 603 2808 ceterum
638 2765 841 2809 Tiberius
876 2765 999 2809 nullo
1033 2771 1154 2808 metu
1198 2777 1272 2818 an,
1314 2769 1359 2808 ut
1402 2764 1531 2808 firmi-

413 2824 613 2869 tudinem
667 2825 798 2869 animi
848 2829 1100 2874 ostentaret
1151 2827 1316 2873 curiam
1362 2825 1531 2882 ingres-

98 2942 208 2987 l-list.
256 2944 283 2998 l,
332 2947 383 2988 7·
416 2890 684 2990 {ltlsfizslbam
720 2946 961 2990 mobilitate
1001 2945 1167 3003 ingenii
1214 2958 1269 2989 an
1303 2958 1358 2988 ne
1404 2945 1529 2988 altius

411 3009 705 3051 scrutarentur
707 3041 807 3061 .......
842 3004 1187 3065 comprobasse.
