2108 3405
733 218 968 251 -11—

445 371 603 419 ‘aequo
634 373 737 406 cum
771 360 972 417 patronis
1005 360 1097 404 iure
1144 365 1341 418 agerent,
1391 366 1566 405 senten-

453 423 555 466 tiam
588 434 747 466 eorum
778 420 1081 465 consultarent
1112 433 1164 465 ac
1179 420 1444 466 verberibus
1478 434 1567 465 ma-

453 493 614 526 manus
639 481 762 525 ultro
794 480 1089 524 intenderent.

137 555 219 599 An.
239 554 434 608 XVl,25:
461 553 575 597 Tum
608 548 805 597 Thrasea
835 552 1113 607 consultavit,
1155 557 1446 610 temptaretne
1491 553 1567 598 de·

452 612 692 659 tensionen
724 625 781 656 an
812 616 1056 668 sperneret.

683 686 721 739 β.
757 684 989 730 dubitandi
1005 699 1014 728 :

138 757 289 803 Germ.
343 759 393 802 5.
446 756 693 814 Argentum
728 760 770 801 et
785 768 941 800 aurum
958 749 1193 814 propitiine
1211 770 1267 801 an
1298 757 1385 801 irati
1418 757 1475 801 dii
1494 770 1568 801 ne-

455 817 666 874 gaverint‚
701 816 872 862 dubito.

141 889 252 934 Hist.
289 888 317 943 l,
351 890 423 933 42.
456 888 709 946 ambigitur,
803 889 1194 946 consumpseritne
1269 901 1325 933 an
1398 889 1569 946 procla·

459 949 652 993 maverit.

757 1010 806 1064 γ)
840 1010 946 1054 alia:

140 1081 249 1124 l-list.
264 1081 308 1134 ll,
330 1081 426 1124 100:
456 1093 540 1124 nec
587 1081 684 1124 sciri
734 1085 895 1137 potest,
944 1081 1174 1125 traxeritne
1224 1079 1465 1125 Caecinam
1514 1094 1569 1125 an

457 1140 688 1197 impulerit.

142 1202 253 1246 Hist.
274 1201 342 1257 lJl,
361 1203 431 1245 28:
468 1201 687 1246 Hormine
721 1202 765 1246 id
797 1202 1029 1259 ingenium
1062 1215 1117 1246 an
1152 1202 1301 1258 potior
1331 1206 1485 1246 auctor
1518 1202 1570 1245 sit

460 1260 512 1305 C.
546 1261 727 1316 Plinius,
761 1260 882 1305 haud
914 1261 1039 1306 facile
1074 1262 1372 1306 discreverim.

704 1334 754 1388 b)
787 1333 1001 1378 adiectiva
1016 1348 1025 1377 :

143 1404 254 1448 Hist.
290 1404 317 1458 l,
343 1406 422 1449 91:
459 1405 533 1462 qui
582 1405 755 1462 trepidi,
804 1404 1067 1450 fortuitusne
1117 1406 1298 1449 militum
1347 1406 1469 1450 furor
1515 1418 1570 1448 an

460 1466 594 1509 dolus
624 1466 916 1522 imperatoris.

144 1536 253 1579 l·list.
275 1536 343 1590 Ν,
362 1539 432 1581 49:
460 1537 496 1580 is
528 1538 863 1593 temptaveritne
896 1538 1109 1581 Pisonem
1143 1538 1200 1581 ad
1234 1550 1304 1581 res
1339 1550 1482 1581 novas
1515 1550 1569 1580 an

458 1595 684 1653 temptanti
723 1597 932 1652 restiterit,
966 1597 1198 1642 incertum.

141 1666 224 1711 An.
259 1668 330 1718 Vl,
354 1670 424 1712 22:
458 1668 501 1712 in
535 1669 701 1714 incerto
734 1669 945 1714 iudicium
999 1674 1081 1724 est,
1111 1669 1261 1714 fatone
1293 1683 1365 1713 res
1415 1673 1572 1713 morta-

458 1729 562 1773 lium
628 1734 669 1773 et
715 1730 976 1774 necessitate
1021 1729 1280 1774 immutabili
1343 1742 1398 1773 an
1461 1728 1571 1774 forte

459 1790 704 1834 volvantur.

674 1850 715 1905 c)
750 1850 1045 1895 substantiva:

146 1918 257 1964 l-list
279 1920 430 1975 111,202
465 1922 681 1978 adempto
715 1922 838 1966 omni
888 1927 1147 1979 prospectu,
1196 1922 1486 1967 tormentisne
1534 1926 1575 1965 et

459 1983 554 2026 telis
602 1995 658 2027 an
707 1982 925 2038 operibus
985 1988 1027 2027 et
1073 1983 1213 2027 vineis
1266 1982 1576 2040 adgredienda

461 2042 601 2088 urbus
633 2042 760 2087 foret.

140 2112 223 2157 An.
259 2114 305 2168 ll,
339 2116 421 2158 4οε
457 2127 559 2159 cum
592 2114 817 2159 Tiberium
852 2128 1023 2172 anceps
1056 2129 1161 2160 cura
1195 2114 1450 2169 distrahere,
1474 2115 1575 2158 vine

461 2176 644 2220 militurn
679 2187 858 2219 servum
893 2188 1025 2220 suurn
1059 2180 1288 2221 coerceret
1318 2188 1374 2219 an
1400 2174 1575 2220 sineret.

838 2275 879 2317 2.

285 2356 462 2401 Praeter
495 2357 717 2415 exempla,
773 2369 889 2415 quae
931 2357 1074 2402 modo
1137 2357 1328 2411 laudavi,
1373 2361 1460 2401 tres
1503 2368 1576 2400 ex-

142 2421 255 2459 stant
317 2417 403 2461 loci
438 2418 493 2461 ita
526 2419 786 2474 comparati,
852 2423 897 2462 ut
928 2417 1215 2475 parenthesin
1246 2417 1475 2474 quandam
1508 2417 1577 2460 vel

142 2475 526 2533 interpositionem
559 2483 631 2523 aut
663 2478 1000 2535 appositionem
1033 2477 1235 2522 efficiant.
1281 2477 1325 2521 ln
1360 2477 1429 2521 his
1463 2489 1575 2534 quo-

144 2537 259 2581 niam
316 2538 485 2594 duplex
548 2539 736 2584 omissio
769 2539 971 2593 cernitur,
1018 2538 1076 2583 ibi
1109 2538 1235 2582 latius
1268 2537 1578 2590 tractabuntur,

142 2596 217 2641 ubi
253 2598 310 2642 de
343 2598 485 2655 ellipsi
520 2599 685 2656 duplici
729 2612 1030 2656 exponemus.
1066 2598 1175 2643 Sunt
1222 2602 1395 2642 autem:
1464 2598 1576 2651 rust,

145 2657 213 2711 lV,
248 2661 320 2712 47,
356 2658 438 2703 Αη.
474 2659 559 2703 Xll.
594 2661 666 2704 30.
701 2662 774 2704 67.

289 2729 428 2775 Allata
460 2731 610 2776 adhuc
643 2733 852 2789 exempla
887 2730 1579 2788 demonstrantinterrogationes

144 2790 442 2846 disiunctivas,
476 2805 666 2850 quarum
701 2794 840 2837 ambo
875 2792 1079 2836 membra
1121 2791 1343 2848 particulis
1383 2790 1578 2835 efficiun-

142 2855 222 2905 tur,
256 2864 423 2908 paucas
447 2853 634 2898 omnino
655 2858 839 2898 exstare.
875 2853 1035 2897 Earum
1069 2853 1202 2907 enim,
1237 2864 1352 2910 quae
1390 2856 1576 2905 „utrum-

144 2913 225 2956 an“
263 2913 331 2956 vel
371 2915 706 2966 „utrumne-an“
744 2914 966 2970 particulis
1000 2913 1350 2966 introducuntur,
1384 2913 1427 2955 in
1459 2911 1579 2955 libris

145 2972 407 3027 minoribus,
442 2974 516 3031 qui
550 2978 652 3018 sunt
685 2973 920 3033 Dialogus,
955 2973 1212 3027 Germania,
1245 2971 1467 3030 Agricola,
1487 2982 1577 3014 non
