2108 3405
765 240 976 275 ,7-

304 385 412 431 lnde
445 389 630 443 apparet
663 385 820 442 priscis
851 389 1016 431 tantum
1050 385 1342 443 scriptoribus
1375 385 1587 430 Oiormas

162 460 259 495 esse
293 447 513 503 proprias,
547 459 734 504 quarum
768 448 795 491 5
814 459 1071 503 pronomen
1094 451 1237 491 utrum
1255 447 1586 505 interrogationi

163 504 445 566 disiunctivae
463 507 759 564 praemissum
778 505 943 555 habent

304 566 511 611 Ciceroni
544 572 710 611 tantum
742 569 769 611 8

304 626 455 672 Tacito
488 625 653 671 tannim
687 628 714 672 3

302 687 460 743 priscis
493 687 789 742 scriptoribus
822 692 863 731 et
896 686 1104 732 Ciceroni
1139 700 1409 731 communes
1444 690 1468 731 7

303 746 519 790 omnibus
553 758 823 792 communes
856 750 896 790 4.

306 804 377 850 Ne
411 803 572 851 nimius
605 806 704 861 sim,
737 807 902 852 addam
936 806 1297 860 disiunctionum‚
1318 819 1433 863 quae
1450 806 1590 850 tribus

169 865 425 922 pluribusve
458 871 662 911 constant
695 868 924 921 membris,
968 878 1182 925 magnum
1212 879 1319 910 esse
1364 867 1487 922 apud
1521 865 1591 910 Ci-

166 938 374 971 ceronem
402 927 430 982 ¹)
466 933 717 983 numerum,
750 928 874 985 apud
908 928 1084 984 priscos
1116 927 1298 971 inveniri
1341 927 1592 983 pauciores,

167 985 290 1042 apud
319 987 515 1031 Tacitum
549 989 857 1044 paucissimas.
892 988 1015 1031 ldem
1050 987 1135 1032 dici
1169 991 1317 1043 potest
1363 987 1420 1032 de
1467 988 1593 1041 locis,

169 1045 332 1103 quibus
365 1047 518 1103 plures
551 1048 925 1105 interrogationes
959 1047 1248 1092 disiunctivae
1280 1047 1398 1091 iuxta
1429 1060 1479 1091 se
1513 1060 1595 1103 po-

168 1106 275 1150 sitae
308 1111 417 1151 sunt.

119 1164 124 1169 ’
312 1163 450 1212 Quod
485 1167 683 1212 Taciturn
717 1167 901 1225 quidem
934 1167 1115 1225 attingit,
1147 1166 1273 1211 facile
1306 1180 1359 1211 ea
1395 1167 1595 1224 proprie—

168 1231 233 1270 tas
265 1226 537 1285 inteilegitur,
570 1229 604 1272 si
625 1228 966 1273 consideramus
984 1226 1245 1272 Cornelium
1264 1232 1464 1272 nostrum
1498 1229 1594 1271 lon-

168 1287 318 1390 gioges
351 1289 660 1333 sententiarum
695 1292 933 1334 structuras
970 1288 1103 1332 vitare
1143 1287 1336 1332 brevitati
1375 1288 1594 1345 loquendi

170 1350 238 1390 stu
275 1351 433 1392 entem.
1317 1357 1322 1361 ’

312 1407 357 1452 ld
390 1421 575 1466 quoque
608 1408 939 1462 animadvertet,
988 1408 1264 1466 quicumque
1311 1407 1451 1453 libros
1499 1408 1595 1452 eius

171 1468 402 1525 diligenter
438 1470 606 1527 legerit,
656 1470 843 1514 directas
891 1469 1260 1526 interrogationes
1310 1469 1595 1513 disiunctivas

170 1541 275 1584 prae
309 1528 526 1574 indirectis
549 1542 799 1586 perpaucas
821 1530 944 1586 apud
978 1541 1082 1573 eum
1116 1533 1300 1573 exstare.
1334 1528 1399 1573 Ac
1431 1530 1466 1573 si
1483 1529 1596 1573 forte

168 1594 363 1644 quaerat,
399 1603 618 1646 quaenam
653 1591 706 1634 sit
737 1590 833 1634 eius
868 1602 976 1634 usus
1008 1601 1157 1643 causa,
1191 1588 1310 1633 haud
1346 1589 1520 1634 difficile
1552 1590 1596 1634 id

167 1647 391 1706 intelleget
422 1649 626 1705 perlectis
660 1650 727 1693 his
761 1648 993 1693 Olbrichtii
1014 1649 1047 1703 2)
1082 1650 1248 1693 verbis:
1282 1649 1450 1702 „Facile
1496 1650 1597 1705 quis

170 1709 348 1753 miretur
394 1709 436 1753 in
497 1710 629 1755 Taciti
678 1710 798 1755 libris
847 1709 1216 1767 interrogationes
1264 1709 1359 1766 disj.
1410 1708 1597 1755 directas

167 1774 338 1813 exstare
372 1772 677 1825 paucissimas.
712 1770 801 1814 Sed
836 1783 938 1814 cum
985 1771 1355 1827 interrogationes
1402 1770 1592 1814 directae

166 1829 317 1872 locum
352 1826 546 1876 habeant
584 1832 627 1874 in
672 1830 910 1887 colloquiis
952 1834 994 1874 et
1026 1830 1251 1884 diverbiis‚
1300 1831 1342 1873 in
1387 1830 1592 1875 narrandi

166 1901 346 1946 genere,
380 1902 473 1947 quo
505 1895 681 1935 utuntur
712 1902 858 1935 rerum
892 1890 1146 1946 scriptores,
1179 1903 1260 1946 per
1277 1903 1327 1933 se
1360 1890 1496 1934 rarius
1516 1903 1592 1934 eas

167 1949 348 1993 inveniri
381 1951 530 2008 liquet,
563 1964 712 2009 neque
748 1950 841 1995 iere
889 1963 969 1994 eae
1018 1951 1219 2006 usurpari
1269 1954 1462 2006 possunt
1510 1951 1591 1995 nisi

167 2009 235 2064 ita,
270 2014 315 2055 ut
341 2011 598 2068 appositum
618 2012 671 2056 sit
686 2011 875 2056 verbum
895 2010 1209 2069 interrogandi.
1245 2011 1377 2056 Unde
1409 2016 1594 2067 apparet

165 2070 289 2126 apud
326 2070 562 2117 historicos
595 2073 776 2129 saepius
807 2072 1018 2129 obliquas
1062 2084 1197 2128 quam
1232 2071 1419 2116 directas
1467 2072 1592 2116 inter—

165 2131 424 2188 rogationes
461 2133 647 2177 inveniri
683 2145 870 2177 necesse
902 2133 1048 2175 esse“.

310 2192 518 2250 Denique
567 2194 867 2237 necessarium
918 2197 1027 2248 puto
1077 2192 1256 2246 docere,
1307 2205 1441 2248 quarn
1488 2191 1591 2236 mihi

164 2250 380 2295 rationem
413 2254 731 2309 proposuerim
766 2252 999 2296 institutam
1034 2252 1256 2295 materiam
1306 2252 1591 2307 expediendi.

309 2311 458 2369 ltaque
491 2314 683 2369 primum
719 2313 776 2356 de
810 2312 969 2368 plenis,
1003 2324 1119 2368 quae
1152 2314 1380 2364 vocantur,
1413 2312 1592 2355 interro-

166 2371 424 2427 gationibus
459 2373 732 2418 disiunctivis
766 2372 1025 2428 disputabo,
1060 2384 1248 2429 quarum
1282 2371 1420 2417 ambo
1455 2384 1593 2416 mem-

163 2431 244 2473 bra
276 2433 498 2487 particulis
531 2434 720 2477 indicata
765 2437 879 2475 sunt.
915 2432 1061 2475 Deide
1096 2432 1153 2475 de
1171 2432 1383 2487 ellipticis‚
1404 2445 1591 2488 quarum

163 2490 296 2546 priori
331 2493 437 2549 parti
472 2494 588 2538 nulla
638 2493 847 2551 particula
878 2491 1153 2537 introductae
1201 2491 1422 2549 posterior
1468 2491 1594 2548 parti·

161 2552 260 2594 cula
291 2566 347 2596 an
379 2555 633 2609 apponitur.
681 2554 890 2609 Denique
925 2554 982 2597 de
1031 2553 1111 2606 eis,
1157 2554 1199 2596 in
1249 2552 1415 2609 quibus
1450 2553 1491 2596 in
1539 2566 1595 2596 an

161 2612 396 2667 particulae
429 2614 580 2659 locum
600 2613 940 2659 coniunctiones
972 2625 1076 2657 vere
1095 2613 1382 2658 disiunctivae
1400 2613 1484 2667 vel,
1518 2625 1587 2666 ve,

163 2674 256 2717 sive
289 2680 616 2718 successerunt.

305 2734 587 2779 Editionibus
620 2734 677 2779 ad
710 2734 840 2779 locos
873 2733 1132 2778 laudandos
1166 2732 1234 2777 his
1269 2745 1378 2777 usus
1411 2745 1534 2776 sum:

306 2793 357 2839 C.
394 2794 552 2839 Halm:
588 2793 784 2840 Cornelii
818 2793 949 2839 Taciti
984 2793 1206 2851 Dialogus
1254 2793 1312 2838 de
1345 2793 1595 2837 oratoribus

591 2855 766 2912 Lipsiae
805 2857 930 2900 1889.

308 2926 336 2972 ¹)
357 2917 617 2962 v—Cmtsche:
645 2926 704 2962 De
732 2924 1104 2971 interrogationibus
1143 2924 1315 2970 obliquis
1346 2923 1450 2970 apud
1493 2922 1587 2959 Cice

158 2983 294 3009 ronem
323 2972 619 3011 observationes
646 2974 825 3012 selectae.
852 2973 955 3011 Diss.
983 2973 1111 3019 inaug.
1141 2972 1227 3009 Hal.
1256 2970 1343 3009 Sax.
1372 2971 1473 3007 1885.

302 3020 330 3067 ²)
357 3031 446 3070 pag.
473 3022 506 3059 ’7.
