2108 3405
1094 244 1329 279 ‚12-

496 390 576 434 nisi
611 389 688 433 tria
720 389 867 433 inveni
901 389 1124 446 exempla,
1188 390 1231 434 in
1263 388 1512 435 Annalibus
1546 402 1684 434 unum
1747 395 1927 435 tantum.

495 448 645 493 Ne-an
678 454 833 493 contra
865 450 1005 494 semel
1039 454 1207 494 tantum
1241 451 1430 495 occurrit
1492 451 1535 495 in
1569 450 1823 504 Germania,
1886 452 1929 494 in

494 508 821 566 posterioribus
865 509 1050 555 demum
1085 510 1111 555 i.
1145 523 1185 555 e.
1226 510 1430 556 Historiis
1478 516 1520 556 et
1565 509 1814 556 Annalibus
1863 513 1929 566 19,

495 570 756 625 promiscue
790 574 933 614 utrum
968 572 1065 626 (ne)
1102 598 1154 604 —
1188 584 1244 615 an
1277 575 1318 626 4,
1352 585 1485 616 ne-an
1533 573 1591 616 20
1623 572 1747 616 locis.
1791 572 1930 626 ldem,

495 629 622 687 quod
657 629 716 674 de
750 643 900 685 ne—an,
935 630 1020 675 dici
1055 636 1204 687 potest
1236 632 1364 676 etiam
1401 632 1458 677 de
1490 632 1555 676 eis
1582 631 1930 689 interrogationi-

493 690 594 744 bus,
629 703 817 745 quarum
852 692 1026 746 priores
1059 696 1208 747 partes
1251 693 1380 736 nullis
1435 692 1656 749 particulis
1710 692 1927 738 indicatae

496 754 613 794 sunt.
648 748 766 794 Nam
807 750 850 793 in
886 750 1137 795 minoribus
1170 752 1594 808 scriptis5omnino
1612 752 1749 797 obvia
1780 764 1929 796 exem-

495 810 587 866 pla,
622 810 731 853 dum
766 810 808 853 in
843 810 1001 854 ceteris
1034 810 1155 855 libris
1188 812 1435 867 permultae
1467 815 1509 855 et
1540 812 1684 855 variae
1706 812 1930 868 reperiun-

492 874 561 914 tur
594 874 836 914 structurae
870 870 1101 926 ellipticae‚
1136 870 1303 928 quibus
1337 875 1442 917 nota
1474 871 1543 918 illa
1578 872 1932 930 breviloquentia

489 929 669 974 Tacitea
703 930 877 987 optime
909 931 1169 975 declaratur.

1189 1147 1245 1200 B.

495 1254 943 1314 Interrogationes
976 1255 1330 1312 disiunctivae‚
1363 1255 1412 1302 in
1448 1266 1660 1314 quarum
1695 1256 1930 1303 membro

493 1327 656 1385 priori
690 1327 941 1384 particula
975 1328 1173 1374 omissa
1205 1330 1300 1383 est,
1325 1329 1591 1386 posterius
1614 1329 1659 1373 ei
1683 1329 1932 1385 particula

1013 1411 1077 1446 an
1113 1400 1415 1459 opponitur.

641 1486 696 1529 Ut
731 1485 854 1540 apud
890 1484 1159 1528 Ciceronem
1211 1487 1548 1529 enunciatorum
1598 1486 1930 1542 interrogativo-

493 1557 605 1600 rum,
640 1557 835 1603 quorum
871 1545 1075 1590 membra
1106 1546 1163 1590 ad
1199 1546 1432 1603 particulas
1467 1552 1688 1590 utrum-an
1722 1550 1762 1590 et
1796 1558 1927 1590 ne-an

494 1619 598 1649 sese
632 1606 870 1661 applicant,
936 1618 1045 1649 usus
1088 1606 1474 1663 frequentissimus
1549 1612 1614 1649 est
1679 1606 1798 1659 (nam
1864 1620 1927 1650 ca.

499 1667 581 1710 160
616 1665 670 1721 -l—
705 1679 768 1711 ca.
810 1666 892 1710 120
923 1686 981 1699 =
1016 1678 1079 1711 ca.
1115 1667 1203 1711 280
1266 1667 1377 1712 locis
1441 1667 1711 1721 occurrunt),
1771 1678 1928 1710 eorum

492 1731 655 1780 autem,
690 1739 806 1783 quae
840 1728 1097 1782 particulam
1132 1741 1186 1770 an
1243 1729 1385 1771 solam
1439 1728 1668 1783 recipiunt,
1702 1740 1809 1782 prae
1862 1727 1927 1771 eis

493 1786 597 1830 satis
631 1787 823 1844 exiguus
857 1787 940 1841 (ca.
977 1788 1033 1830 70
1066 1787 1211 1842 locis),
1246 1788 1300 1831 ita
1332 1787 1454 1844 apud
1495 1786 1692 1831 Tacitum
1726 1787 1833 1831 ratio
1868 1787 1928 1831 di-

492 1860 621 1891 versa
653 1852 733 1890 est.
769 1846 885 1890 Nam
920 1846 992 1890 hic
1025 1848 1224 1903 exceptis
1258 1861 1321 1892 ca.
1356 1849 1413 1891 30
1447 1852 1618 1891 ceterae
1651 1860 1813 1891 omnes
1837 1846 1929 1891 fere

492 1907 547 1951 ita
578 1911 864 1964 comparatae
898 1911 1013 1960 sunt,
1050 1912 1095 1951 ut
1127 1908 1320 1951 maxima
1352 1920 1409 1952 ex
1431 1912 1553 1964 parte
1587 1907 1681 1951 duo
1704 1906 1929 1952 vocabula

492 1968 702 2023 particula
734 1980 790 2011 an
826 1967 1016 2011 breviter
1048 1969 1329 2024 graviterque
1382 1969 1491 2011 inter
1523 1981 1573 2011 se
1624 1972 1928 2023 opponantur,

492 2027 613 2072 unde
648 2027 891 2072 sententiae
927 2026 1050 2072 brevi
1084 2028 1327 2073 verborum
1362 2027 1542 2072 circuitu
1577 2026 1855 2072 exhibentur.

640 2098 784 2144 Quod
817 2100 862 2143 fit
895 2101 937 2143 in
981 2100 1203 2143 indirectis
1252 2100 1690 2157 interrogationibus,
1740 2099 1930 2144 directae

490 2160 609 2203 enim
644 2161 813 2217 aliquot
845 2165 1011 2204 tantum
1047 2165 1229 2204 exstant.
1273 2159 1390 2204 Cum
1424 2164 1570 2203 autem
1635 2160 1678 2203 in
1711 2159 1775 2203 eis
1839 2171 1929 2203 non

490 2221 638 2265 solum
673 2221 902 2278 simplices
944 2226 1017 2265 aut
1061 2221 1281 2277 duplices,
1315 2220 1398 2265 sed
1452 2221 1581 2264 etiam
1615 2220 1807 2277 triplices
1860 2220 1928 2263 vel

438 2294 443 2300 ·
490 2282 810 2338 quadruplices
844 2294 1032 2338 quoque
1074 2282 1473 2338 deprehendantur
1518 2282 1807 2333 omissiones,
1853 2293 1929 2323 vo-

489 2346 642 2386 cantur
689 2342 920 2398 ellipticae.
977 2341 1059 2386 llis
1114 2342 1244 2400 igitur
1297 2341 1500 2398 ellipticis
1554 2339 1929 2385 disiunctionibus

488 2402 658 2457 optime
692 2403 957 2458 perspicitur
987 2403 1239 2446 concinnus
1273 2407 1314 2445 et
1346 2406 1597 2446 contractus
1622 2401 1799 2444 dicendi
1834 2413 1929 2443 mo-

491 2462 591 2507 dus.
626 2461 906 2519 Simplicium
942 2462 1243 2506 omissionum
1279 2462 1363 2505 iam
1398 2461 1520 2517 apud
1544 2461 1721 2518 priscos
1744 2460 1929 2516 scripto-

488 2537 559 2568 res
600 2536 818 2581 magnum
883 2523 1135 2567 invenimus
1199 2534 1450 2567 numerum.
1497 2521 1714 2578 Duplices
1766 2525 1929 2575 autem,

485 2584 679 2641 triplices
712 2588 754 2627 et
787 2583 1107 2640 quadruplices
1162 2583 1285 2639 apud
1329 2581 1586 2627 recentioris
1625 2581 1808 2626 demum
1833 2581 1928 2624 aevi

493 2645 737 2700 scriptores
768 2643 1071 2700 frequentiore
1105 2655 1191 2686 usu
1224 2642 1462 2696 veniunt.¹)
1495 2641 1633 2698 Apud
1657 2638 1926 2685 Ciceronem

486 2704 604 2750 enim
640 2704 682 2748 in
718 2702 1014 2757 orationibus,
1049 2715 1163 2760 quas
1197 2702 1387 2761 eleganti
1422 2706 1463 2746 et
1484 2702 1658 2746 erudito
1682 2700 1781 2745 stilo
1802 2710 1927 2745 com:

486 2766 660 2821 positas
694 2777 797 2808 esse
831 2768 1019 2818 constat,
1054 2764 1223 2807 nullum
1257 2769 1324 2808 est
1369 2763 1621 2820 vestigium,
1662 2773 1820 2806 eorum
1853 2773 1927 2805 au-

485 2831 590 2879 tem,
625 2825 700 2883 qui
736 2824 921 2881 proferri
956 2828 1165 2880 possunt,
1198 2824 1404 2868 locorum
1444 2822 1619 2880 plurimi
1667 2826 1838 2865 exstant
1884 2822 1927 2866 in

637 2920 666 2967 ¹)
694 2900 951 2964 cf—Draeger
978 2917 1084 2966 Synt.
1112 2919 1148 2965 ξ.
1175 2919 1263 2955 468:
1293 2918 1411 2955 »Eine
1437 2916 1640 2954 verkiirzte
1691 2916 1806 2952 Form
1858 2916 1929 2953 der

486 2966 738 3016 Disjunktion
767 2967 836 3003 mit
880 2965 1099 3003 einfachem
1146 2966 1207 3002 an'
1237 2966 1316 3003 und
1344 2966 1412 3002 mit
1455 2964 1601 3012 Ellipse
1644 2963 1713 3000 des
1755 2963 1926 3001 Verbum

484 3015 634 3053 kommt
660 3016 733 3052 seit
759 3015 904 3053 Cicero
931 3014 1056 3053 otters
1082 3025 1192 3052 vor«.
