2108 3405
1089 260 1324 300 „26-

490 410 598 455 dum
639 409 875 465 „insidiae“
913 415 955 455 et
1023 410 1270 468 „proditio“
1337 422 1628 456 communem
1694 409 1922 467 quandam

488 476 529 514 et
561 471 746 528 quidem
811 472 991 515 sceleris
1064 471 1434 528 significationem
1499 470 1763 515 exhibentes
1795 470 1923 526 parti-

489 532 589 576 cula
652 531 767 587 „an“
832 531 942 576 inter
975 544 1024 576 se
1076 536 1384 589 opponuntur.
1434 531 1581 589 ltaque
1632 530 1922 575 scribendum

489 592 639 646 potius
702 597 840 635 esset:
896 593 1104 645 „insidias
1152 591 1251 635 vel·
1281 592 1581 647 proditionem
1631 603 1695 636 an
1735 591 1922 648 aliquod

488 650 729 695 honestum
795 650 1058 695 consilium“
1114 651 1241 708 quod
1307 651 1510 696 Heraeus
1573 652 1657 695 iam
1727 650 1923 695 animad-

487 711 623 764 vertit,
688 711 762 767 qui
786 712 817 764 ¹)
901 711 1051 754 locum
1117 710 1201 754 hac
1273 712 1554 755 adumbravit
1609 712 1920 761 adnotatione:

491 770 585 823 „Da
617 770 687 814 ein
721 769 1076 827 Mordanschlag
1109 770 1222 814 oder
1254 769 1436 814 Verrath
1472 784 1623 828 gegen
1674 770 1799 816 Otho
1831 783 1919 814 we-

484 829 668 873 sentlich
702 843 758 872 zu
792 830 914 873 einer
946 830 1186 886 Kategorie
1221 829 1427 886 gehoren
1448 831 1541 875 und
1567 831 1726 876 beides
1749 844 1921 874 zusam-

484 902 586 933 men
651 886 797 933 einem
862 888 1152 933 ehrenhaften
1185 889 1321 933 Plane
1373 894 1775 948 entgegengesetzt
1826 891 1921 933 ist“.

484 947 616 994 Quae
650 950 905 994 coniectura
949 951 1132 1007 egregia
1179 951 1364 1006 quidem
1404 955 1636 995 est—-nam
1686 956 1727 995 et
1759 964 1922 995 sensus

485 1009 716 1065 aptissime
750 1015 904 1054 nostro
938 1010 1044 1054 loco
1059 1010 1271 1054 convenit
1290 1014 1331 1054 et
1349 1011 1476 1063 ,‚vel“
1494 1023 1577 1067 pro
1613 1012 1727 1064 „an“
1745 1011 1923 1067 ponitur

485 1071 549 1124 (ut
566 1069 649 1114 An.
670 1070 740 1124 Vl,
760 1072 834 1124 23)
856 1070 1053 1127 itemque
1074 1071 1188 1124 „an“
1212 1083 1296 1126 pro
1316 1071 1444 1125 „vel“
1464 1071 1612 1128 (quod
1636 1083 1782 1127 supra:
1803 1072 1923 1115 lucu-

482 1130 621 1173 lenter
654 1130 865 1185 exposui)
903 1154 957 1160 —
993 1130 1076 1173 sed
1111 1144 1136 1173 a
1170 1131 1342 1174 codicis
1377 1131 1591 1186 scriptura
1637 1143 1825 1186 prorsus
1859 1144 1922 1174 re-

486 1189 603 1234 cedit
637 1202 787 1247 neque
821 1190 1099 1248 intellegitur,
1144 1202 1338 1247 quanam
1372 1190 1540 1243 ratione
1575 1190 1685 1234 haec
1720 1202 1922 1235 commu-

483 1250 586 1293 tatio
620 1251 933 1306 particularum
975 1251 1120 1306 possit
1173 1251 1393 1306 explicari.
1448 1249 1565 1294 Nam
1620 1251 1919 1298 inversionem

482 1309 641 1354 factam
676 1323 779 1354 esse
814 1323 906 1355 non
940 1310 1160 1363 adducor,
1196 1316 1239 1354 ut
1272 1310 1467 1355 credam.
1523 1310 1672 1367 ltaque
1733 1310 1919 1362 Ursinus

483 1370 612 1423 ,‚vel“
633 1371 675 1413 in
696 1371 810 1424 „an“
830 1371 1018 1414 correxit
1036 1371 1248 1424 (similiter
1262 1376 1395 1427 atque
1413 1370 1495 1414 An.
1515 1371 1585 1424 Vl,
1601 1371 1691 1424 23),
1707 1376 1752 1414 ut
1770 1375 1921 1414 essent

490 1430 699 1482 „insidias
732 1440 796 1473 an
832 1430 1133 1487 proditionem
1168 1440 1231 1472 an
1265 1430 1450 1487 aliquod
1484 1430 1725 1474 honestum
1774 1431 1918 1474 consi-

483 1490 632 1533 lium“.
653 1491 814 1534 Parum
834 1495 950 1547 apte.
970 1489 1086 1534 Nam
1118 1490 1361 1544 ‚,insidiae“
1382 1494 1423 1534 et
1442 1490 1697 1546 ‚,proditio“
1716 1503 1918 1535 commu-

481 1562 583 1593 nem
619 1550 803 1607 quidem
838 1549 1005 1594 habent
1037 1549 1407 1608 significationem
1442 1550 1635 1601 sceleris,
1681 1551 1764 1594 sed
1797 1551 1918 1594 alter-

482 1614 625 1654 utrum
670 1615 736 1654 est
769 1611 836 1655 sui
871 1611 1064 1668 generis,
1109 1611 1235 1668 quod
1283 1611 1463 1655 Heraeo
1509 1612 1593 1654 iam
1639 1612 1799 1664 visum,
1843 1611 1917 1668 qui

478 1670 532 1714 ita
564 1671 726 1715 scribit:
744 1670 776 1726 ²)
817 1671 884 1724 „in
918 1671 1100 1715 insidias
1134 1672 1226 1715 und
1280 1672 1322 1714 in
1357 1671 1659 1727 proditionem
1705 1672 1809 1728 liegt
1842 1672 1913 1714 ein

478 1730 724 1775 wirklicher
757 1730 1060 1788 Gegensatz“.
1105 1731 1212 1775 lnde
1252 1732 1450 1788 sequitur
1469 1732 1584 1785 „an“
1604 1731 1774 1775 codicis
1823 1732 1917 1775 reti-

478 1791 680 1834 nendum
715 1804 832 1835 esse.
868 1788 1000 1835 Quae
1033 1798 1181 1835 tamen
1215 1792 1278 1834 vir
1312 1792 1472 1835 doctus
1497 1804 1634 1847 porro
1671 1791 1783 1835 dicit:
1814 1791 1916 1845 „Mit

478 1851 545 1894 vel
580 1851 690 1894 wird
725 1851 796 1894 ein
844 1851 990 1894 dritter
1025 1850 1199 1904 Grund,
1248 1852 1327 1894 der
1378 1855 1506 1895 sonst
1540 1851 1659 1894 noch
1715 1852 1916 1894 denkbar

478 1916 610 1965 ware,
647 1911 751 1956 dem
786 1911 971 1955 zweiten
1024 1911 1098 1955 mit
1131 1924 1185 1956 an
1221 1911 1643 1969 untergeordnet“³)
1671 1910 1779 1955 falsa
1812 1924 1913 1955 esse

480 1984 617 2028 supra
633 1972 719 2015 iam
736 1972 1042 2028 exponebam.
1060 1972 1209 2028 ltaque
1226 1972 1353 2025 „vel“
1370 1972 1412 2015 in
1427 1973 1540 2025 „an“
1557 1972 1720 2016 Ursino
1735 1977 1915 2015 auctore

475 2036 595 2075 esset
610 2032 888 2075 mutandum.
905 2031 959 2075 At
974 2032 1102 2086 ‚,vel“
1120 2033 1299 2087 ponitur
1314 2032 1502 2076 aTacito
1525 2044 1609 2088 pro
1626 2032 1754 2085 „an“.
1781 2029 1913 2075 Quae

475 2104 578 2135 eum
612 2092 667 2136 ita
699 2091 798 2146 sint,
834 2092 952 2135 nulla
985 2095 1051 2135 est
1084 2104 1233 2146 causa,
1269 2104 1346 2136 cur
1378 2092 1615 2136 lectionem
1667 2091 1838 2136 codicis
1871 2092 1913 2135 in

476 2152 591 2206 „an“
612 2153 907 2209 corrigamus.
928 2151 1178 2196 Disiunctio
1197 2152 1326 2209 igitur
1358 2152 1401 2196 in
1433 2156 1520 2196 tres
1540 2152 1746 2196 dividitur
1768 2157 1914 2207 partes

474 2212 696 2268 particulis
731 2212 938 2266 „an-vel“
975 2213 1085 2256 inter
1120 2225 1169 2256 se
1204 2213 1455 2269 oppositas.

617 2283 820 2328 Similiter
854 2283 989 2328 habet
1044 2298 1093 2327 se
1136 2298 1206 2328 res
1259 2283 1341 2328 An.
1377 2284 1486 2335 XlV‚
1541 2286 1580 2328 3.
1637 2283 1913 2328 Olbrichtius

473 2343 723 2389 editoribus
757 2344 1017 2389 adsentiens
1051 2349 1174 2401 putat
1206 2344 1430 2389 vocabula
1468 2356 1582 2402 „qua
1629 2344 1711 2388 alia
1744 2344 1810 2387 vi“
1838 2357 1911 2388 an-

471 2405 691 2449 tecedenti
731 2404 897 2459 „ferro‘⁴
937 2405 1173 2449 subiuncta
1191 2418 1293 2449 esse
1313 2418 1405 2449 non
1426 2406 1653 2462 opposita,
1673 2404 1800 2459 ‚,vel‘⁴
1835 2405 1911 2462 igi-

470 2470 537 2507 tur
571 2466 799 2521 propriam
835 2470 875 2508 et
909 2466 1140 2521 vulgarem
1186 2466 1419 2512 notionem
1472 2465 1718 2508 retinuisse.
1777 2465 1909 2508 Haud

471 2529 602 2569 recte.
638 2523 754 2569 Nam
795 2524 1011 2578 „ferrum“
1051 2525 1074 2568 i.
1096 2538 1133 2568 e.
1170 2525 1334 2569 caedes
1369 2529 1410 2568 et
1437 2525 1553 2578 „vis“
1577 2525 1601 2567 i.
1625 2538 1662 2568 e.
1684 2525 1724 2568 in
1747 2537 1908 2581 aquam

471 2586 699 2640 immersio
750 2586 895 2643 magis
944 2585 1120 2630 diversa
1168 2591 1283 2640 sunt,
1334 2598 1468 2642 quam
1533 2588 1810 2640 „venenum“
1870 2590 1911 2629 et

619 2692 646 2762 ¹²)
675 2691 736 2776 eg.
765 2691 790 2735 1;
819 2691 1037 2776 cf:dSchi1tz
1059 2691 1190 2739 Jahrb.
1218 2691 1244 2728 f.
1261 2691 1355 2728 Phil.
1385 2703 1421 2728 u.
1439 2691 1581 2738 Padag.
1611 2691 1697 2727 1881
1720 2702 1808 2738 pag.
1827 2691 1909 2728 320.

636 2745 646 2780 )
675 2752 696 2776 a
729 2752 764 2776 n.
793 2741 829 2776 in
859 2751 879 2776 e
913 2770 919 2776 .
947 2742 981 2776 2.

624 2788 654 2835 ³)
683 2788 789 2823 ldern
819 2788 1074 2828 Oibrichtius,
1119 2789 1183 2834 qui
1211 2799 1300 2835 pag.
1326 2790 1373 2824 20
1415 2788 1563 2834 profert
1606 2787 1714 2823 haec:
1760 2788 1909 2824 »Causa

469 2838 609 2878 autem,
626 2846 693 2872 cur
705 2836 860 2873 Tacitus
876 2841 1042 2883 utroque
1059 2836 1271 2873 loco-»vel«
1290 2847 1367 2873 non
1389 2848 1479 2872 »an«
1498 2835 1682 2882 posuerit,
1698 2847 1738 2872 re
1767 2836 1908 2874 etenda

469 2887 525 2919 est
553 2895 602 2919 ex
629 2884 846 2920 indefinitis
874 2884 1173 2932 pronominibus
1205 2885 1406 2931 »aliquod«
1449 2887 1485 2920 et
1516 2894 1644 2929 »qua‚«
1676 2885 1739 2930 qui
1771 2896 1816 2921 us
1843 2885 1908 2922 ad-

470 2932 560 2968 ditis
588 2934 756 2979 utroque
784 2933 875 2969 loco
903 2931 1059 2969 duobus
1103 2932 1429 2979 praecedentibus
1458 2930 1643 2968 membris
1686 2932 1908 2979 adiungitur

469 2980 622 3016 tertium
652 2981 824 3026 aliquod,
853 2981 960 3026 quod
989 2982 1212 3025 universum
1243 2980 1443 3027 quoddam
1471 2990 1596 3026 genus
1636 2981 1905 3018 conditionum

468 3027 768 3075 comprehendit
795 3029 857 3072 ita,
885 3030 924 3064 ut
951 3028 1123 3074 eligendi
1151 3031 1324 3075 potestas
1351 3028 1498 3064 detur«.
