2108 3405
723 224 935 258 -5-

115 377 141 416 e
172 370 395 428 particulis
429 382 498 424 ne,
518 374 640 424 num,
659 370 1026 427 aposterioribus
1042 370 1226 414 demum
1251 370 1545 427 scriptoribus

116 431 353 489 particulae
386 444 442 475 an
479 430 675 475 additam
709 443 825 475 esse.
839 430 868 486 ¹)

184 527 186 530 ·
260 500 395 548 Quae
429 502 819 560 grammaticorum
865 503 1042 548 decreta
1073 502 1182 548 falsa
1231 517 1333 548 esse
1386 502 1545 548 affatim

116 563 324 620 exposuit
359 563 503 607 Hinze
536 563 733 620 egregia,
769 575 902 620 quam
938 576 1074 620 supra
1106 564 1356 618 memorari,
1391 564 1544 620 dispu-

117 624 290 669 tatione.
327 623 365 673 [s
398 624 515 666 enim
551 624 868 668 demonstravit
900 629 941 668 et
984 625 1202 680 exemplis
1236 625 1549 680 comprobavit

118 696 209 729 non
243 683 470 739 simplices
514 683 883 741 interrogationes
934 698 958 728 e
993 684 1278 738 disiunctivis‚
1334 684 1416 728 sed
1468 683 1548 728 has

117 756 174 787 ex
206 743 286 786 illis
319 755 422 787 esse
454 744 746 799 expetendas.

262 812 404 860 Quod
438 821 583 861 autern
619 816 848 861 notionem
884 816 998 860 oder
1046 816 1189 871 (albo)
1235 816 1396 870 attinet,
1450 830 1548 860 eam

118 876 241 933 apud
276 877 549 932 posteriores
584 877 767 920 demum
797 876 1038 933 scriptores
1061 877 1299 932 particulae
1334 890 1390 920 an
1412 876 1550 921 tuisse

118 936 313 983 additam
346 942 531 992 constat,
579 950 680 982 cum
733 950 788 981 an
852 936 1165 996 interrogativa
1228 937 1552 995 significatione

119 998 327 1055 paulatim
361 1002 657 1043 evanescente
689 998 748 1042 ad
781 1010 885 1041 vere
909 998 1217 1042 disiunctivam
1241 999 1330 1041 vim
1369 1000 1553 1043 coniun-

120 1059 317 1103 ctionum
349 1058 451 1112 aut,
483 1057 580 1112 vel,
613 1068 692 1112 ve,
725 1056 835 1102 sive
869 1058 1075 1114 proxime
1107 1059 1344 1103 accesserit
1391 1059 1459 1113 ita,
1509 1064 1554 1103 ut

121 1130 222 1163 cum
257 1118 321 1162 eis
354 1123 716 1172 commutaretur,
750 1122 823 1162 aut
854 1118 985 1162 etiam
1020 1131 1104 1175 pro
1138 1119 1203 1162 eis
1252 1124 1552 1175 usurparetur,

121 1190 258 1235 quem
294 1190 425 1222 usum
458 1179 582 1235 apud
616 1177 813 1222 Tacitum
854 1177 1263 1237 frequentissimum
1299 1191 1401 1222 esse
1449 1178 1558 1222 inira

124 1237 398 1283 ostendetur.

267 1310 424 1365 Restat,
461 1315 505 1354 ut
538 1310 595 1354 de
621 1311 749 1354 variis
773 1310 1133 1355 disiunctivarum
1158 1311 1551 1369 interrogationum

121 1370 277 1415 formis
311 1371 533 1428 quaedam
568 1371 825 1415 referamus».

267 1442 414 1500 Atque
449 1443 569 1488 initio
605 1456 721 1501 quae
754 1443 911 1488 fuerint
959 1443 1150 1500 species,
1185 1456 1320 1500 supra
1354 1444 1437 1493 iam
1463 1456 1558 1488 mo-

125 1504 318 1547 nuimus.
353 1503 583 1559 Tempore
618 1505 908 1559 procedente,
943 1516 1045 1547 cum
1079 1505 1212 1560 copia
1240 1505 1482 1549 verborum
1517 1509 1559 1548 et

119 1563 453 1618 syntacticarum
487 1563 728 1608 formarum
763 1569 1039 1620 augesceret,
1087 1564 1229 1607 variae
1266 1563 1557 1620 profereban-

119 1629 185 1666 tur
233 1624 604 1679 compositiones,
657 1636 805 1680 neque
861 1624 1136 1668 bimembres
1168 1629 1349 1682 tantum,
1402 1637 1556 1667 verum

120 1683 247 1726 etiam
283 1696 307 1726 e
342 1683 544 1739 pluribus
579 1683 882 1727 conformatae
915 1689 986 1727 aut
1018 1684 1238 1728 interdum
1272 1684 1439 1741 aliquot
1472 1685 1558 1728 dis—

119 1743 368 1787 iunctiones
426 1744 542 1787 iuxta
605 1756 655 1787 se
712 1744 1012 1799 ponebantur.
1068 1743 1388 1788 Bimembrium
1444 1757 1553 1788 vero

120 1815 255 1859 quam
288 1804 405 1847 varia
436 1803 593 1847 fuerint
626 1816 805 1860 genera,
854 1804 1001 1847 tabula
1034 1805 1268 1860 proposita
1315 1805 1429 1848 clare
1478 1805 1553 1848 de-

121 1867 400 1907 monstratur.

267 1992 295 2040 ι)
325 1992 441 2029 Hand
468 1992 619 2029 Tursel.
646 2003 737 2039 pag.
764 1993 834 2029 297
861 2003 918 2039 sq.
944 1993 1026 2035 305,
1053 1993 1135 2036 314;
1163 1992 1369 2029 Gernhard
1409 1993 1446 2029 in
1487 1993 1553 2030 Se-

119 2040 228 2077 bodii
257 2041 375 2077 Nova
402 2040 561 2088 Sylloge
592 2041 684 2077 1826
711 2042 737 2078 1.
764 2051 851 2088 pag.
898 2041 951 2083 18,
995 2041 1087 2077 Exc.
1116 2041 1162 2077 ad
1193 2040 1273 2078 Cic.
1319 2041 1418 2078 Lael.
1462 2053 1551 2088 pag.

118 2089 200 2130 246,
230 2089 522 2125 commentatio
541 2090 796 2134 grammatica
822 2089 871 2125 de
897 2089 1067 2125 formula
1106 2090 1241 2126 nescio
1268 2101 1314 2125 an
1342 2090 1403 2125 vel
1447 2090 1559 2135 haud,

118 2138 201 2173 scio
229 2148 276 2174 an
305 2140 457 2185 (opusc.
485 2137 584 2183 Lips.
618 2138 734 2179 1836),
761 2136 917 2174 Archiv.
944 2136 971 2173 f.
999 2137 1219 2183 Philologie
1260 2148 1295 2173 u.
1323 2137 1552 2184 padagogik

122 2187 214 2221 1824
240 2196 327 2233 pag.
358 2187 437 2222 104.
465 2185 740 2222 Weissenborn
769 2185 872 2232 Synt.
908 2186 968 2222 lat.
997 2185 1187 2222 Eisenach
1218 2186 1371 2232 13:355.
1397 2187 1478 2229 206,
1523 2189 1549 2222 1.

119 2234 207 2269 Pott
236 2233 400 2280 Etymol.
440 2234 720 2278 Forschungen
766 2234 809 2269 15²
834 2244 920 2279 pag.
964 2234 1225 2279 420.Krs1ger
1264 2234 1437 2269 Gramm.
1482 2234 1551 2270 der

119 2281 181 2318 lat.
210 2280 380 2329 Sprache
411 2282 501 2317 1842
528 2282 562 2327 ξ,
591 2284 670 2318 51⁴5,
697 2284 730 2316 4.
759 2281 901 2317 Holtze
929 2280 1035 2327 Synt.
1063 2282 1176 2328 prisc.
1202 2282 1329 2328 script.
1356 2283 1416 2317 lat.
1447 2282 1548 2323 1862,

119 2329 160 2365 11.
189 2340 279 2376 pag.
306 2330 371 2365 271
402 2340 485 2376 sqq.
514 2329 672 2368 Kfihner
698 2328 972 2366 Ausfiihrliche
1012 2328 1186 2365 Gramm.
1214 2329 1294 2366 der.
1335 2329 1396 2366 lat.
1437 2329 1549 2377 Spra·

117 2377 188 2414 che
217 2379 259 2417 ll,
288 2378 368 2421 235,
395 2378 429 2415 5.
456 2378 633 2424 Draeger
660 2376 764 2425 Synt.
793 2377 837 2413 1²
863 2387 950 2423 pag.
975 2378 1056 2414 348.
