2108 3405
1111 270 1346 306 -22—

511 415 592 457 An.
647 415 709 467 lll,
759 417 800 458 3:
834 415 1039 459 Tiberius
1071 421 1204 473 atque
1236 415 1441 473 Augusta
1473 418 1659 473 publico
1692 418 1946 463 abstinuere

831 474 1010 519 inferius
1045 476 1270 520 maiestate
1302 488 1383 520 sua
1416 478 1505 531 rati,
1540 478 1575 520 si
1611 478 1756 532 palam
1780 478 1945 522 lamen-

829 539 1033 589 tarentur,
1066 549 1137 590 an,
1171 549 1227 580 ne
1261 534 1463 581 omnium
1498 537 1640 582 oculis
1669 537 1835 582 vultum
1870 550 1945 583 eo-

827 606 922 638 rum
958 596 1256 640 scrutantibus
1287 595 1383 640 falsi
1417 597 1787 654 intellegerentur.

1208 719 1247 760 5.

652 796 936 841 Substantiva
968 803 1010 841 et
1043 799 1276 843 universae
1310 800 1553 844 sententiae
1586 801 1801 844 causales.

508 891 591 936 An.
628 892 689 947 lll=
740 895 792 937 9:
826 891 898 937 Ab
932 891 1097 937 Narnia
1129 894 1333 939 vitandae
1385 896 1658 951 suspicionis
1710 908 1781 949 an,
1838 896 1942 953 quia

825 952 1000 1010 pavidis
1033 954 1219 998 consilia
1264 954 1306 998 in
1340 955 1507 1000 incerto
1556 960 1671 1006 sunt,
1725 954 1844 1001 Nare
1893 969 1945 1001 ac

826 1026 935 1058 mox
966 1013 1114 1058 Tiberi
1149 1015 1364 1059 devectus
1387 1016 1516 1059 auxit.

504 1084 588 1129 An.
623 1085 692 1140 lV,
716 1088 786 1130 54:
822 1085 972 1155 donec
1004 1086 1195 1131 advertit
1241 1086 1445 1132 Tiberius
1478 1087 1590 1132 forte
1622 1100 1692 1143 an,
1724 1088 1827 1146 quia
1871 1100 1944 1132 au—

507 1146 1015 1263 Astxm’ngffiggtb
1063 1219 1204 1251 uxore
1248 1207 1306 1252 ab
1365 1206 1554 1252 Octavia
1598 1207 1687 1253 fato
1739 1209 1941 1266 quodam

823 1280 894 1321 an,
929 1267 1034 1324 quia
1067 1268 1324 1322 praevalent
1356 1268 1528 1322 inlicita,
1564 1267 1850 1313 abhorrebat.

1204 1388 1244 1430 6.

608 1470 652 1512 ln
689 1474 875 1526 utraque
910 1470 1219 1513 disiunctionis
1253 1475 1375 1526 parte
1409 1472 1653 1516 enunciata.
1674 1471 1830 1514 finalia.

502 1565 585 1608 An.
621 1566 785 1617 Xlll‚9:
823 1570 864 1608 et
897 1566 1170 1621 Vologeses,
1221 1579 1314 1622 quo
1366 1568 1531 1609 bellum
1581 1580 1637 1610 ex
1690 1568 1942 1612 commodo

825 1629 997 1681 pararet
1029 1638 1099 1678 an,
1134 1630 1178 1669 ut
1224 1626 1534 1670 aemulationis
1580 1631 1821 1682 suspectos
1864 1640 1945 1683 per

824 1699 992 1730 nomen
1041 1686 1257 1730 obsidum
1303 1691 1546 1740 amoveret,
1580 1687 1706 1730 tradit
1759 1687 1944 1731 nobilis-

826 1759 981 1790 simos.

505 1820 587 1863 An.
607 1819 809 1873 xvl,23:
829 1824 1010 1876 tempus
1051 1819 1323 1864 damnationi
1358 1820 1602 1874 delectum,
1643 1833 1737 1877 quo
1782 1820 1944 1864 Tirida-

827 1884 893 1923 tes
957 1879 1239 1933 adventabat,
1273 1885 1317 1924 ut
1361 1880 1418 1924 ad
1465 1885 1644 1924 externa
1688 1881 1944 1925 rumoribus

827 1940 1082 1983 intestinum
1117 1940 1265 1984 scelus
1298 1939 1613 1984 obscuraretur
1650 1953 1720 1990 an,
1768 1945 1812 1984 ut
1857 1953 1945 1984 ma—

824 2000 1105 2058 gnitudinem
1140 2001 1468 2057 imperatoriam
1502 2001 1643 2045 caede
1701 2001 1943 2058 insignium

824 2060 1019 2104 virorum
1055 2065 1307 2104 ostentaret.

1193 2205 1261 2249 lv.

627 2300 981 2357 Inter-roqationes‚
1013 2300 1059 2341 in
1090 2298 1238 2357 quibus
1268 2297 1562 2357 quadruplices
1593 2299 1828 2342 omissiones

1092 2372 1373 2414 inveniuntur.

656 2480 880 2527 Quattuor
943 2481 1166 2538 exempla,
1218 2494 1335 2539 quae
1400 2480 1502 2525 huic
1554 2480 1948 2538 interrogationum

511 2544 664 2601 generi
699 2543 966 2596 adserimus,
1031 2542 1085 2586 ita
1119 2545 1378 2598 comparata
1410 2546 1525 2594 sunt,
1563 2545 1607 2584 ut
1640 2544 1813 2596 praeter
1862 2545 1950 2584 tres

509 2605 705 2660 ellipses‚
771 2616 884 2661 quas
918 2602 1196 2647 antecedenti
1247 2601 1390 2658 capite
1424 2601 1750 2654 constituimuS,
1797 2605 1950 2657 quarta

510 2665 639 2708 etiam
674 2668 715 2707 et
749 2663 933 2720 quidem
983 2663 1220 2719 particulae
1274 2662 1428 2718 „quia“
1483 2661 1648 2717 subsit.
1693 2660 1754 2703 Ea
1804 2665 1950 2705 autem

510 2723 721 2780 particula
765 2723 1019 2776 enunciato,
1075 2722 1203 2779 quod
1239 2734 1320 2777 per
1354 2721 1471 2775 „an“
1505 2719 1784 2764 antecedenti
1818 2721 1951 2776 priori

513 2784 723 2829 membro
758 2784 1019 2841 opponitur,
1054 2782 1250 2839 praefixa
1298 2795 1402 2826 esse
1453 2781 1601 2825 debet.
1654 2776 1759 2824 Qua
1809 2780 1951 2838 ellipsi

512 2845 800 2902 interrogatio
834 2845 889 2888 ita
921 2844 1109 2900 formata
1142 2847 1221 2896 est,
1258 2847 1316 2896 ut,
1350 2843 1431 2885 nisi
1472 2840 1625 2897 „quia“
1663 2854 1824 2885 vocem
1847 2854 1953 2898 sup-

510 2906 704 2961 plemus,
738 2904 1109 2962 significationem
1145 2903 1407 2960 primitivam
1425 2900 1787 2958 particulae„an“
1822 2914 1945 2958 pror-

512 2978 590 3009 sus
625 2965 886 3009 exstinctam
920 2977 1023 3008 esse
1057 2969 1098 3007 et
1131 2976 1235 3006 vere
1269 2961 1578 3006 disiunctivam
1612 2961 1654 3004 in
1688 2962 1784 3005 eius
1802 2963 1952 3006 locum

511 3025 799 3071 successisse
834 3029 1046 3082 putemus
1083 3036 1275 3069 necesse
1308 3022 1373 3066 sit.
1410 3021 1559 3079 ltaque
