2108 3405
1122 248 1354 284 ,10-

521 393 731 438 codicum
764 392 902 437 iidem
937 392 1164 438 nonnullis
1196 393 1308 439 locis
1340 393 1587 452 legebat-ur,
1621 393 1725 439 inde
1757 394 1843 438 iam
1877 393 1953 438 de·

520 454 701 510 pulsum
720 457 799 497 est.
819 452 861 497 Si
880 458 1033 499 contra
1049 454 1193 508 locOS,
1227 454 1394 511 quibus
1416 455 1612 509 „utrum“
1634 458 1677 499 et
1698 455 1805 508 „ne“
1826 455 1953 500 inter-

520 517 633 558 serta
664 513 747 557 alia
763 526 878 558 voce
912 512 1239 572 disiunguntur,
1258 514 1465 573 illosque,
1491 515 1657 572 quibus
1691 515 1946 569 „utrumne“

520 574 723 629 occurrit,
758 586 1092 631 comparamus,
1126 573 1247 622 haud
1288 588 1429 633 ,aegre
1463 575 1568 621 inde
1600 575 1813 620 evincitur
1838 576 1947 630 „ne“

519 633 643 678 iacile
662 634 809 678 divelli
828 638 960 692 atque
982 647 1084 679 cum
1108 636 1304 689 „utrum“
1330 636 1534 680 connecti
1557 636 1773 692 potuisse.
1797 635 1954 680 Exem-

520 694 595 749 pla
626 699 729 740 sunt
762 694 856 739 duo
890 708 1034 752 eaque
1067 695 1110 740 in
1130 695 1367 754 'Dialog01

665 754 776 797 Dial.
812 756 883 798 35:
919 755 960 798 in
996 755 1162 812 quibus
1202 768 1294 799 non
1347 755 1472 799 facile
1517 755 1717 809 dixerim,
1752 761 1955 799 utrumne

911 814 1040 859 locus
1082 815 1180 871 ipse
1243 828 1298 859 an
1349 815 1647 871 condiscipuli
1701 828 1756 860 an
1809 828 1955 873 genus

911 874 1162 919 studiorum
1196 874 1299 931 plus
1333 875 1433 918 mali
1482 875 1672 933 ingeniis
1720 875 1952 930 afferant.¹)

666 934 777 978 Dial.
813 936 883 979 37:
920 947 1021 978 nam
1057 935 1241 979 multum
1277 935 1467 989 interest,
1502 940 1706 980 utrumne
1752 935 1809 980 de
1840 935 1955 981 furto

912 999 984 1039 aut
1015 994 1207 1040 formula
1240 1000 1281 1040 et
1313 995 1545 1040 interdicto
1591 994 1834 1041 dicendum
1883 995 1956 1040 ha-

914 1055 1038 1109 beas,
1071 1068 1126 1099 an
1162 1056 1219 1099 de
1252 1056 1422 1100 ambitu
1454 1056 1751 1100 comitiorum.

1115 1209 1181 1252 Ne
1214 1237 1269 1242 —
1302 1227 1370 1256 an,

1100 1283 1403 1328 Directae.

666 1366 736 1411 An
771 1368 798 1411 l.
833 1370 904 1419 42;
938 1367 1161 1412 Militesne
1194 1368 1401 1423 apellem,
1436 1370 1585 1425 qui.·...,
1617 1382 1672 1412 an
1707 1369 1841 1423 cives,
1864 1369 1957 1426 qui-

524 1427 611 1471 bus
645 1432 730 1472 tam
767 1428 969 1483 proiecta
1001 1431 1181 1471 senatus
1214 1428 1476 1472 auctoritas?

672 1487 783 1531 Hist.
819 1488 846 1542 l,
881 1489 952 1532 30:
988 1487 1201 1532 habitune
1233 1492 1275 1531 et
1307 1489 1487 1532 incessu
1534 1501 1590 1532 an
1636 1488 1709 1532 illo
1756 1489 1956 1533 muliebri

985 1552 1142 1591 ornatu
1176 1552 1416 1592 mereretur
1448 1548 1712 1603 imperium?

666 1605 750 1650 An.
785 1607 855 1661 Vl,
890 1610 944 1650 2:
990 1606 1080 1651 Sed
1114 1620 1233 1665 quos
1267 1607 1404 1651 omitti
1437 1620 1592 1664 posse,
1639 1609 1758 1665 quos
1792 1608 1957 1666 deligi?

989 1666 1239 1724 Semperne
1272 1668 1464 1712 eosdem
1498 1681 1553 1711 an
1587 1667 1781 1712 subinde
1814 1669 1957 1712 alios?

988 1727 1084 1782 Et2)
1120 1727 1373 1772 honoribus
1397 1725 1658 1784 perfunctos
1680 1740 1735 1771 an
1757 1728 1956 1782 iuvenes,

987 1788 1183 1845 privatos
1217 1801 1272 1832 an
1306 1801 1331 1832 e
1365 1788 1721 1846 magistratibus?

1060 1872 1423 1915 lndirectae.

669 2015 817 2059 Ne-an
852 2017 1074 2073 sequitur:

1101 2076 1144 2130 a)
1178 2076 1340 2120 verba:

1101 2137 1149 2190 α)
1184 2136 1512 2193 interrogandi:

525 2196 637 2240 Hist.
674 2197 737 2250 lll,
777 2199 811 2239 l:
848 2196 934 2240 lllic
966 2197 1188 2254 agitavere
1222 2197 1474 2252 placeretne
1507 2196 1677 2240 obstrui
1701 2196 1959 2240 Pannoniae

843 2256 1000 2314 Alpes,
1036 2257 1186 2301 donec
1218 2270 1244 2301 a
1275 2261 1404 2315 tergo
1437 2256 1553 2301 vires
1586 2256 1819 2300 universae
1853 2268 1959 2301 con-

841 2323 1094 2374 surgerent,
1129 2331 1185 2361 an
1218 2318 1279 2361 ire
1312 2318 1567 2361 comminus
1601 2322 1642 2361 et
1674 2322 1839 2361 certare
1873 2330 1957 2373 pro

843 2377 956 2421 ltalia
990 2377 1267 2422 constantius
1300 2376 1423 2421 ioret.

521 2438 604 2481 An.
641 2438 705 2490 ΙΙΙ,
757 2441 804 2481 l:
839 2438 1121 2494 rogitantium
1156 2438 1265 2481 inter
1298 2451 1362 2491 se,
1427 2438 1661 2481 silentione
1724 2450 1778 2480 an
1843 2449 1957 2481 voce

840 2498 988 2555 aliqua
1020 2498 1327 2555 egredientem
1363 2498 1632 2553 exciperent.

521 2557 605 2602 An.
625 2558 713 2612 Xll,
740 2560 805 2602 17:
840 2558 1077 2614 pensitato,
1112 2557 1433 2602 Mithridatisne
1477 2557 1613 2602 rebus
1661 2557 1852 2601 externis
1901 2569 1956 2600 an

842 2619 983 2675 patrio
1017 2630 1162 2676 regno
1195 2618 1463 2662 consuleret.

521 2678 812 2732 AnrxllLZo:
840 2679 1115 2736 quibusdam
1150 2679 1352 2723 coalitam
1386 2678 1583 2723 libertate
1617 2677 1953 2721 inreverentiam

841 2752 898 2784 eo
933 2739 1198 2796 prorupisse
1246 2738 1553 2792 frementibus,
1604 2736 1705 2791 ut,³)
1754 2736 1855 2780 vine
1900 2750 1956 2781 an

669 2821 978 2868 ¹)1nterrogatio
1021 2820 1144 2858 tribus
1184 2823 1335 2858 constat
1375 2820 1573 2863 membris,
1617 2829 1716 2865 quae
1759 2819 1956 2866 particulis

520 2872 833 2907 utrumne-an-an
861 2871 961 2907 inter
987 2880 1028 2907 se
1057 2871 1241 2919 opposita
1267 2872 1367 2907 sunt.

666 2920 696 2961 ²)
726 2919 866 2957 Halm:
894 2919 1004 2963 alios,
1032 2921 1104 2955 et...

668 2968 698 3011 ³)
726 2978 770 3003 ex
798 2969 1020 3004 correctura
1047 2967 1213 3003 Ernestii
1239 2966 1346 3010 (cod.
1374 2966 1426 3003 M.
1455 2975 1533 3002 non
1562 2963 1715 3002 exhibet
1730 2964 1824 3003 illud
1842 2966 1954 3010 »ut‹);

519 3017 690 3053 ceterum
719 3015 768 3053 cf.
795 3013 977 3053 Olbricht
1004 3025 1092 3064 pag.
1123 3014 1167 3051 10
1195 3025 1284 3063 sqq.
