2108 3405
141 434 144 437 .
252 397 343 443 Sed
375 397 498 455 apud
531 395 728 455 argentei
761 396 860 441 aevi
891 396 1132 453 scriptores
1183 409 1282 441 raro
1330 396 1414 441 iam
1467 396 1543 441 de·

109 456 411 517 prehenditur,
444 457 568 514 apud
630 456 831 502 Tacitum
865 456 1049 514 quidem
1093 456 1136 501 in
1170 456 1346 501 directis
1378 456 1543 501 disiun—

108 517 333 564 ctionibus
365 518 536 562 nullum
570 521 711 561 exstat
744 517 1003 574 vestigium,
1035 517 1078 560 in
1112 516 1310 573 obliquis
1338 521 1544 574 quattuor

107 582 273 622 tantum
291 577 569 633 reperiuntur
585 576 686 630 loci,
710 587 904 633 quorum
929 576 1024 620 duo
1043 576 1310 632 particulis„
1319 581 1541 620 utrumne-

114 638 195 682 an“
199 636 484 686 conformati
518 640 633 681 sunt.
666 635 897 693 Exempla:

110 709 262 775 Germ.
297 710 368 752 28:
402 707 493 752 Sed
527 712 670 752 utrum
703 707 897 753 Aravisci
932 709 976 752 in
1009 709 1286 752 Pannoniam
1319 708 1382 752 ob
1417 707 1540 761 Osis,

395 767 731 815 Germanorum
765 768 958 824 natione,
991 781 1047 815 an
1081 766 1165 815 Osi
1213 768 1271 814 ab
1324 766 1543 814 Araviscis

396 830 439 873 in
504 829 794 874 Germaniam
858 830 1262 887 commigraverint,
1329 830 1542 873 incertum

395 895 476 944 est,
509 890 674 949 quia....

22 955 25 957 ’
107 962 193 1007 An.
230 963 258 1006 l.
292 964 374 1006 58:
407 967 531 1006 tuum
568 963 649 1007 erit
671 964 937 1017 consultare,
961 967 1105 1007 utrum
1129 963 1392 1019 praevaleat,
1416 962 1543 1020 quod

393 1035 450 1068 ex
463 1021 663 1069 Arminio
679 1023 903 1081 concepit,
920 1036 977 1068 an
999 1022 1128 1081 quod
1142 1035 1200 1068 ex
1213 1035 1285 1067 me
1302 1022 1449 1081 genita
1463 1026 1542 1067 est.

252 1095 360 1139 Hoc
392 1096 497 1140 loco
531 1100 675 1140 utrum
709 1100 782 1140 aut
814 1096 903 1140 vim
938 1108 1066 1140 suam
1116 1095 1378 1152 primitivam
1429 1096 1453 1139 i.
1504 1108 1542 1139 e.

104 1156 462 1212 pronominalem
496 1155 666 1201 retinuit
700 1160 773 1200 aut
806 1156 1036 1201 notionem
1057 1155 1386 1200 coniunctionis
1418 1155 1544 1200 inter-

105 1216 336 1279 rogativae
370 1216 606 1271 intendit.¹)

250 1285 393 1334 Quod
445 1293 591 1333 autem
617 1288 901 1343 „utrumne“
927 1288 1086 1342 attinet,
1135 1300 1229 1333 non
1260 1288 1545 1332 consentiunt

107 1349 216 1392 inter
247 1360 297 1392 se
330 1348 406 1391 viri
441 1347 573 1392 docti.
608 1348 869 1406 Draegerus
904 1348 1090 1406 quidem
1143 1352 1259 1392 recte
1306 1347 1489 1392 affirmat
1508 1347 1541 1401 ²)

107 1407 366 1465 particulam
401 1413 608 1453 utrumne
641 1409 695 1454 ita
728 1412 870 1454 ortam
905 1421 1023 1463 esse,
1072 1412 1118 1453 ut
1149 1421 1289 1454 voces
1343 1409 1538 1463 „utrum“

108 1473 149 1512 et
186 1468 293 1522 „ne“
331 1469 454 1524 apud
488 1469 664 1524 priscos
697 1473 740 1514 et
771 1468 888 1515 aurei
922 1469 1017 1513 aevi
1068 1469 1308 1524 scriptores
1356 1469 1449 1513 aliis
1482 1469 1542 1512 in-

108 1527 334 1584 terpositis
366 1528 604 1574 vocabulis
638 1528 866 1574 distinctae
884 1533 1096 1587 argentea
1110 1532 1249 1573 aetate
1281 1528 1324 1572 in
1352 1532 1541 1583 „utrum-

112 1589 193 1632 ne“
230 1592 482 1633 contractae
514 1588 849 1643 adhiberentur,
868 1590 937 1633 cui
958 1589 1161 1645 opinioni
1196 1588 1315 1633 haud
1350 1589 1460 1642 scio,
1487 1601 1543 1632 an

108 1653 225 1693 recte
277 1648 548 1693 contradicat
601 1647 877 1694 Olbrichtius
911 1648 945 1703 ³)
1000 1647 1215 1695 Ktihnero
1270 1648 1541 1702 adsentiens,

110 1709 194 1766 qui,
218 1708 405 1752 affirmat
419 1708 453 1764 ⁴)
477 1710 733 1763 „utrumne“
760 1723 841 1766 per
857 1709 1160 1754 adnexionem
1184 1709 1310 1753 vocis
1334 1709 1441 1762 „ne“
1468 1721 1542 1753 en-

109 1769 274 1812 cliticae
307 1768 365 1812 ad
388 1770 583 1822 „utrum“
606 1782 708 1813 esse
725 1769 963 1813 formatum
982 1769 1176 1812 similiter
1207 1774 1340 1826 atque
1372 1770 1537 1822 „anne“

115 1829 352 1884 „numne“.
386 1829 534 1887 Atque
569 1829 626 1873 de
659 1842 774 1874 anne
808 1843 854 1874 re
885 1842 990 1873 vera
1021 1833 1138 1873 recte
1182 1828 1224 1873 id
1260 1829 1403 1873 statuit
1436 1842 1542 1873 con-

88 1890 332 1960 ‚sentitque
366 1890 404 1933 ei
438 1889 710 1948 Draegerus,
719 1890 752 1946 ⁵)
787 1903 900 1948 quas
946 1890 1187 1947 opiniones
1236 1902 1388 1934 rursus
1437 1889 1543 1934 Hin-

115 1950 211 1994 zius
244 1950 491 2008 impugnat,
526 1963 627 2005 cum
661 1963 777 1995 anne
808 1964 912 1996 esse
952 1951 1213 2008 primitivam
1248 1956 1290 1994 et
1335 1951 1543 1995 vetustio-

112 2022 204 2054 rem
237 2010 442 2062 formam,
476 2023 531 2054 an
564 2011 855 2055 recentiorem
890 2024 946 2055 ex
978 2011 1047 2054 illa
1079 2023 1160 2067 per
1191 2023 1437 2067 apocopen
1467 2011 1543 2054 de-

113 2071 293 2114 rivatam
327 2074 464 2126 putet,
473 2069 507 2124 6)
542 2082 817 2127 quamquam
850 2072 982 2115 altera
1019 2083 1077 2114 ex
1125 2075 1248 2127 parte
1281 2083 1305 2114 e
1340 2069 1433 2114 Cic.
1486 2071 1542 2114 ad

112 2129 195 2174 Att.
230 2129 317 2184 Xll,
351 2131 422 2184 52,
457 2132 497 2174 2:
538 2129 749 2185 „Nescio,
783 2131 892 2189 quid
925 2130 1089 2175 videris
1123 2131 1324 2175 dubitare
1358 2131 1417 2174 de
1440 2129 1545 2175 Clo-

110 2190 200 2234 dia:
236 2195 394 2244 utrum,
429 2191 616 2248 quando
650 2166 813 2245 veniat,
854 2204 909 2235 an
942 2191 1086 2235 sintne
1138 2191 1344 2234 venales“
1400 2191 1545 2235 conici

110 2254 259 2306 potest
290 2263 405 2294 anne
438 2263 520 2307 per
558 2251 893 2307 copulationem
933 2252 1038 2305 „an“
1077 2256 1118 2295 et
1155 2252 1261 2304 „ne“
1315 2251 1435 2295 initio
1485 2251 1546 2295 di-

108 2315 363 2355 stractarum
399 2315 546 2355 ortum
581 2323 697 2355 esse.
733 2310 916 2355 Numne
949 2315 1096 2355 autem
1130 2312 1215 2355 iam
1250 2311 1373 2367 apud
1408 2312 1544 2355 comi-

111 2383 192 2414 cos
226 2382 311 2415 usu
365 2371 515 2414 venire
569 2371 747 2428 negavit
802 2371 1007 2415 blandius
1012 2370 1064 2425 7,)
1118 2371 1338 2428 quodque
1395 2376 1548 2415 contra

257 2489 282 2532 ι)
310 2487 358 2524 cf.
385 2487 555 2524 Gerber-
558 2488 696 2526 Oreef-
681 2488 797 2536 -John
824 2489 995 2525 Lexicon
1022 2489 1223 2526 Taciteum
1251 2499 1340 2535 pag.
1369 2489 1472 2524 1727

256 2534 686 2631 ²))Synt.51.piag.1347
712 2547 770 2584 sq,
798 2536 842 2574 11
868 2547 958 2584 pag
986 2537 1055 2574 495
1082 2547 1138 2584 sq.

483 2596 505 2621 a
535 2596 559 2622 n
602 2587 633 2621 1.

256 2584 464 2728 Ξῇἃὲεις
506 2633 609 2669 1016.

386 2642 503 2718 p158
530 2679 575 2725 C,
602 2680 649 2718 cf.
678 2680 794 2718 Hand
821 2680 932 2718 Turs.
961 2681 985 2718 1.
1127 2681 1211 2725 356,
1240 2680 1383 2718 Holtze
1402 2681 1449 2718 ll
1447 2691 1546 2737 pag.

109 2728 181 2764 283
207 2739 266 2774 sq.
275 2680 343 2764 >dle
371 2729 582 2774 particulae
609 2740 711 2765 anne
738 2740 811 2765 usu
839 2729 886 2765 cf.
915 2729 963 2765 O.
978 2691 1121 2765 &3013
1150 2729 1220 2765 »de
1249 2730 1464 2765 enunciatis
1491 2730 1545 2765 in·

110 2775 359 2823 terrogativis
386 2775 493 2825 apud
520 2775 733 2820 Catullum,
760 2775 973 2822 Tibullum,
1000 2775 1271 2825 Propertium«
1310 2776 1422 2823 Halis
1461 2775 1545 2813 Sax.

112 2824 205 2861 1833
231 2836 320 2871 pag
348 2826 404 2862 19.
433 2825 483 2862 Η
509 2825 696 2872 Merguet
723 2825 889 2863 Lexicon
917 2837 964 2863 zu
1004 2825 1081 2863 den
1108 2825 1241 2865 Reden
1281 2826 1352 2863 des
1391 2826 1544 2868 cicero,

105 2872 202 2919 Jena
229 2873 333 2915 1877,
361 2873 387 2909 1.
415 2883 501 2921 pag.
529 2873 610 2908 221.
638 2872 813 2910 Gutsche
841 2884 929 2921 pag.
956 2874 1014 2917 73,
1028 2874 1087 2917 85,
1112 2874 1170 2910 95.
1186 2873 1392 2919 Kfihner§.
1413 2874 1494 2916 234,
1512 2874 1545 2908 8.

111 2920 289 2993 Draeger
315 2919 419 2972 Synt.
448 2921 482 2969 §.
509 2920 709 2966 468,1.b,
738 2922 768 2957 1.

272 2970 477 3061 >agnelli
504 2981 564 3061 R),
591 3028 679 3065 pag.
708 3018 790 3061 317;
809 3017 859 3055 cf.
875 3017 1189 3066 Ritscthpusc.
1209 3018 1245 3055 ll.
1262 3028 1351 3065 pag.
1371 3017 1440 3053 248
1455 3017 1542 3052 adn.
