2108 3405
691 221 927 257 „23-

96 374 177 419 Αη.
213 371 276 425 ΙΙΙ,
310 368 581 432 3οε-ἣίόᾳιιρ
615 372 657 412 et
699 367 944 412 Maecenati
976 366 1208 423 acciderat,
1234 366 1323 411 fato
1368 372 1523 422 poten-

411 430 494 473 tiae
527 441 626 473 raro
665 428 962 483 sempiternae
1010 440 1065 471 an
1114 427 1245 472 satias
1293 428 1407 482 capit
1454 433 1526 471 aut

414 489 527 542 iilos,
561 499 664 531 cum
698 487 850 531 omnia
880 487 1127 530 tribuerunt
1158 490 1231 529 aut
1276 485 1376 537 hos,
1422 499 1525 530 cum

413 550 498 592 iam
533 546 635 590 nihil
670 547 889 603 reliquum
908 550 988 600 est,
1022 546 1150 603 quod
1170 546 1373 602 cupiant“

101 621 262 679 duplici
297 619 439 664 modo
471 617 679 675 explicari
712 621 880 673 potest:
933 661 938 665 ,

240 694 282 747 a)
317 693 351 735 si
384 691 657 734 locutionem
682 689 946 743 „incertum“
970 688 1253 744 supplemus,
1274 689 1387 743 „an“
1407 688 1527 733 idern

102 758 261 811 potest,
295 750 422 809 quod
461 762 541 804 „an
589 748 863 805 (propterea)
912 749 1084 804 quod“,
1123 761 1203 800 „an
1252 748 1527 803 (propterea)

102 813 245 870 quia‘⁴,
279 810 564 867 interrogatio
597 809 727 865 igitur
772 808 1034 852 disiunctiva
1078 808 1312 851 statuenda
1344 812 1409 852 est
1451 808 1530 851 ita:

107 873 270 928 „ldque
303 875 344 914 et
391 869 637 912 Maecenati
687 868 919 912 acciderat.
970 866 1060 911 Sed
1103 867 1252 914 fatone
1307 867 1529 922 potentiae

102 944 199 976 raro
233 930 532 986 sempiternae
566 928 609 972 id
644 927 851 971 acciderit
883 931 1227 983 anpropterea,
1254 927 1380 983 quod
1403 927 1533 970 satias

102 997 183 1045 etc,
217 991 429 1034 incertum
464 989 572 1033 est“-.

247 1050 294 1105 b)
327 1050 393 1094 sin
412 1053 560 1094 autem
581 1048 841 1092 sententiam
860 1047 1075 1105 integram
1094 1047 1399 1104 relinquimus,
1433 1048 1535 1091 sim-

106 1112 211 1169 plex
241 1114 405 1155 tantum
440 1108 629 1154 omissio
663 1112 704 1152 et
737 1107 921 1165 quidem
969 1107 1296 1152 coniunctionis
1352 1107 1530 1165 „quod“

105 1172 172 1216 vel
212 1171 363 1227 „quia“
403 1173 507 1226 post
540 1169 654 1223 „an“
703 1168 974 1212 admittenda
1006 1173 1085 1221 est,
1109 1168 1231 1212 unde
1255 1167 1534 1212 manifestum

109 1232 156 1275 iit
189 1231 303 1284 „an“
335 1243 419 1286 pro
458 1234 572 1283 „aut,·
603 1229 755 1285 quod“
804 1229 922 1282 „sive
956 1227 1218 1285 quod‚''·„aut
1250 1228 1397 1285 quia“,
1419 1228 1537 1281 „sive

106 1291 231 1348 quia‘⁴
270 1290 464 1346 positum
498 1302 614 1332 esse.
650 1288 871 1343 Sententia
904 1289 1033 1345 igitur
1066 1289 1121 1331 ita
1152 1288 1243 1332 iere
1263 1288 1534 1333 conformari

105 1355 265 1407 potest:
304 1350 465 1407 „idque
499 1354 540 1393 et
572 1349 818 1393 Maecenati
865 1349 1084 1394 acciderat
1112 1346 1225 1392 'sive
1258 1348 1346 1393 fato
1381 1354 1537 1404 poten-

103 1411 185 1454 tiae
219 1423 316 1454 raro
349 1409 662 1465 sempiternae,
705 1407 813 1452 sive
848 1407 991 1464 quod
1024 1409 1154 1452 satias
1187 1409 1303 1465 capit
1307 1443 1375 1452 .....
1385 1410 1402 1427 “
1440 1414 1535 1452 aut:

109 1469 351 1523 „acciderat
383 1469 532 1513 iata...
567 1468 654 1511 aut
687 1467 831 1523 quod
865 1469 995 1512 satias
1000 1503 1068 1511 .....
1079 1469 1096 1486 “

247 1541 430 1597 Reliqua
461 1541 538 1584 tria
570 1541 778 1596 exempla
811 1539 923 1585 haec
956 1545 1078 1584 sunt:

105 1611 185 1656 Αη.
223 1612 283 1666 lli,
318 1614 388 1655 44:
423 1617 468 1655 ut
507 1612 684 1655 solitum
737 1624 817 1667 per
865 1612 963 1655 illos
1009 1612 1105 1655 dies
1158 1612 1260 1668 egit,
1311 1612 1534 1655 altitudine

419 1672 550 1716 animi
583 1685 638 1716 an
671 1676 953 1728 compererat
986 1672 1167 1716 modica
1199 1684 1302 1716 esse
1351 1676 1392 1715 et
1440 1672 1531 1715 vul—

421 1733 532 1790 gatis
564 1733 743 1776 leviora.

104 1792 185 1836 Αη.
220 1793 289 1847 Vl,
319 1795 389 1837 38:
425 1805 540 1851 quae
574 1793 631 1837 ab
666 1792 909 1837 heredibus
944 1793 1160 1837 occultata
1204 1793 1368 1837 recitari
1403 1792 1532 1837 Tibe-

420 1855 509 1897 rius
532 1854 669 1907 iussit,
688 1854 939 1910 patientiam
968 1854 1175 1898 libertatis
1195 1854 1363 1897 alienae
1386 1858 1534 1897 osten—

418 1918 515 1957 tans
528 1919 570 1957 et
581 1918 866 1969 contemptor
880 1926 987 1957 suae
1009 1913 1213 1956 infamiae
1235 1927 1290 1956 an
1314 1914 1532 1956 scelerum

421 1973 564 2018 Seiani
600 1974 675 2017 diu
709 1974 887 2017 nescius
921 1986 1030 2017 mox
1068 1986 1260 2030 quoquo
1294 1973 1437 2017 modo
1472 1973 1533 2016 di—

418 2039 485 2078 cta
516 2035 685 2091 vulgari
720 2034 968 2078 malebat...

99 2102 181 2147 An.
216 2104 325 2159 XlV,
349 2107 386 2148 7:
422 2105 550 2163 igitur
582 2106 771 2163 longum
816 2106 1044 2162 utriusque
1077 2105 1311 2158 silentium,
1336 2118 1391 2148 ne
1436 2105 1531 2148 irriti

417 2166 728 2211 dissuaderent
765 2179 820 2210 an
872 2165 902 2221 ¹)
938 2178 995 2209 eo
1050 2165 1320 2210 descensum
1381 2164 1532 2209 crede—

414 2226 533 2279 bant,
568 2225 692 2280 ut...²)

787 2320 848 2374 C.

243 2427 360 2472 Cum
397 2430 606 2485 particula
625 2430 738 2483 „an“
757 2430 845 2472 vim
865 2442 991 2472 suam
1012 2429 1301 2485 principalem
1337 2430 1391 2472 ita
1412 2429 1531 2473 abie-

98 2488 243 2542 cisset,
280 2493 323 2531 ut
356 2502 439 2544 pro
473 2503 577 2533 vere
594 2490 866 2534 disiunctivis
900 2494 1015 2543 „aut,
1048 2503 1118 2543 ve,
1151 2490 1236 2543 vel,
1270 2489 1530 2533 sive“usur-

97 2553 287 2603 paretur,
322 2555 473 2593 mutua
504 2550 748 2593 intercessit
781 2550 887 2594 ratio
921 2550 1044 2605 apud
1078 2550 1325 2605 scriptores·
1372 2562 1528 2606 argen-

96 2612 192 2651 teae
225 2609 388 2652 aetatis
424 2607 514 2653 Qui
548 2611 681 2666 plane
714 2610 948 2667 singularis
982 2622 1092 2653 usus
1125 2622 1227 2654 cum
1261 2610 1383 2665 apud
1416 2614 1530 2654 cete—

99 2679 174 2710 ros
208 2666 445 2712 historicos
478 2674 550 2713 aut
595 2683 776 2725 perraro
829 2675 901 2713 aut
952 2670 1033 2713 nisi
1082 2670 1205 2725 apud
1260 2668 1527 2714 Ciceronem

97 2727 284 2771 omnino
319 2740 411 2772 non
447 2728 873 2785 deprehenderetur,
918 2729 1092 2785 plurimi
1138 2729 1213 2772 viri
1266 2729 1384 2773 docti
1437 2742 1528 2773 non

95 2786 381 2832 tribuendum
415 2789 567 2834 Tacito
601 2790 722 2834 illum
757 2801 905 2845 usum,
939 2790 1022 2834 sed
1055 2790 1199 2844 locOS,
1245 2789 1410 2847 quibus
1444 2802 1527 2846 pro

243 2882 269 2926 1)
297 2882 342 2918 cf.
371 2883 693 2929 Draoger-Beoher
720 2884 803 2920 adn.
833 2884 879 2919 ad
906 2883 941 2921 h.
971 2884 995 2920 l.

239 2930 267 2974 2)
295 2931 340 2967 ef.
367 2932 464 2967 Hist.
490 2931 519 2974 1,
546 2932 602 2968 39:
636 2934 724 2976 sive,
750 2937 790 2970 ut
833 2933 1021 2977 mulceret,
1048 2945 1112 2969 seu
1139 2933 1328 2969 conscium
1371 2931 1527 2968 Othonis

95 2976 277 3022 credeban
304 2979 348 3014 cf.
377 2978 548 3015 Olbrioht
573 2990 655 3026 pag.
684 2981 727 3015 27
757 2981 838 3017 adn.
871 2983 884 3015 1
915 2983 953 3017 et:
979 2981 1011 3017 2.
